3200 4934
541 305 734 393 '21114
1227 329 1324 388 ‚cc
1356 337 1721 386 couneus
1764 336 2017 386 uer-ri

2436 339 2535 404 [Α.·
2550 301 2760 392 moui.

1527 525 1770 584 TNo'rAE

551 675 761 736 ferrent
807 683 862 733 in'
897 682 1054 747 ipsas,
1106 687 1346 747 tanquam·
1382 672 1489 730 'non
1526 681 1625 730 rite

556 753 846 824 «sancteque
869 758 1196 809 celebrarent
1213 773 1366 807 sacra
1389 758 1478 806 iila
1501 758 1627 820 pub-

560 838 665 888 lic-n
707 850 804 901 pro
842 827 1006 887 salute
1048 836 1272 898 Reipnb.
1313 846 1368 884 et
1405 836 1627 900 inquire-

563 918 681 963 rent
702 913 755 961 in
792 926 970 962 earum
995 911 1297 975 pudicitiam
1323 920 1378 961 et
1421 925 1624 970 mores;

565 1000 732 1052 neque
768 987 820 1036 id
863 988 972 1036 sine
1005 987 1142 1047 labe,
1181 986 1278 1035 nisi
1321 985 1629 1049 quandoque

566 1063 652 1112 vel
675 1062 954 1112 miraculis
1010 1061 1358 1110 innocentiam
1403 1060 1629 1110 vindica-

569 1143 706 1186 rent.

561 1242 570 1254 ο
633 1211 804 1261 Tanta
818 1211 1084 1275 diligentis
1101 1227 1324 1277 curaque
1343 1201 1629 1262 observutte

571 1281 781 1349 puellm,
805 1293 865 1334 ut
887 1287 929 1334 si
953 1287 1156 1349 quaudo
1179 1286 1239 1335 in·
1272 1287 1631 1350 aegritudinem

564 1358 882 1421 inciderent,
917 1358 1092 1409 affines
1115 1367 1380 1423 matronae,
1402 1362 1486 1410 vel
1499 1377 1634 1424 spon·

571 1442 638 1501 te,
675 1438 760 1486 vel
794 1437 950 1486 ctiam
995 1451 1060 1486 ex
1103 1438 1388 1486 metm-itate
1429 1437 1633 1502 Pontifi-

571 1527 696 1580 cum,
719 1511 846 1576 ipsis
870 1520 1124 1575 perpetuo
1147 1511 1451 1561 assiderent.

567 1612 577 1622 ·
641 1589 864 1652 Nempe,
899 1603 1017 1637 cum
1061 1588 1111 1636 vi
1173 1588 1338 1638 morbi
1395 1602 1458 1636 ex
1503 1587 1633 1636 atrio

565 1664 751 1713 -Vestoe
776 1662 1098 1726 cogebantur
1118 1662 1390 1724 excedere,
1415 1661 1635 1726 pruden-

575 1738 885 1788 tissimarum
925 1744 1274 1786 matronarum
1304 1751 1442 1786 curse
1463 1745 1635 1785 custo-

577 1814 782 1878 diaque
803 1812 1196 1862 mandabantur.
1263 1812 1348 1861 Sic
1385 1811 1522 1861 Plin.
1547 1811 1636 1862 lib.

575 1902 677 1938 vn.
701 1889 852 1952 epist.
877 1892 958 1937 19.

645 1963 748 2014 Sed
789 1962 914 2028 ipsis
959 1963 1149 2029 alioqui
1185 1963 1426 2030 magnum
1461 1965 1639 2029 decus,

570 2041 750 2105 ’magni
787 2041 1004 2090 bonores
1045 2040 1096 2088 in
1142 2040 1318 2100 Urbe3
1352 2041 1477 2104 ipsae
1525 2054 1639 2090 car-

573 2121 738 2180 pento
778 2115 938 2165 veluti
959 2129 1043 2164 res
1084 2123 1267 2178 sacrae3
1291 2123 1383 2166 aut
1403 2116 1515 2178 ipsa
1545 2131 1637 2166 uu-

575 2191 739 2254 mins,
769 2197 952 2241 vectae.
1037 2191 1220 2242 Lictor
1261 2193 1399 2255 ipsas
1441 2206 1639 2255 praeee-

577 2265 760 2328 debat,
782 2267 870 2330 qni
899 2265 1102 2315 turbam
1121 2267 1472 2330 submoveret,
1497 2269 1639 2317 velut

579 2340 996 2404 impenitentibns
1051 2345 1107 2390 et
1149 2355 1318 2390 rernm
1371 2341 1636 2403 dominis3

583 2415 728 2479 qnod
741 2414 864 2478 ipsis
907 2428 1206 2464 concessum
1243 2414 1349 2464 fuit
1370 2429 1402 2463 s
1439 2415 1640 2470 Trium?

583 2489 706 2539 viris
725 2488 946 2552 Reipub.
967 2489 1363 2553 constituenda,
1399 2490 1639 2556 Octavio,

587 2564 806 2628 Lepido,
825 2571 882 2614 et
903 2564 982 2613 M.
1004 2564 1250 2615 Antonio.

648 2641 816 2691 Nemo
857 2639 982 2703 ipsis
1025 2641 1168 2704 quasl
1199 2639 1439 2690 Tribunis
1471 2642 1640 2706 plebis

578 2715 828 2766 resistere
869 2715 1122 2766 audebat:
1156 2716 1293 2766 unde
1327 2715 1514 2767 fiducie
1537 2720 1641 2769 ills

583 2793 768 2857 iugem
779 2792 1010 2843 Claudiae
1027 2793 1272 2857 Vestalis,
1289 2808 1406 2857 qnae
1424 2792 1639 2844 fratrem

583 2867 778 2932 injussu
815 2867 994 2931 popuii
1018 2870 1435 2933 triumphantem,
1457 2871 1641 2921 endem

583 2956 742 2993 curru
779 2957 942 3007 usque
973 2943 1026 2992 in
1045 2943 1356 3007 Capitolium
1393 2947 1644 2995 comitate

585 3013 685 3081 est,
707 3033 774 3068 ne
805 3019 922 3083 quis
957 3019 1165 3069 obstare
1197 3022 1412 3072 auderet
1433 3023 1524 3071 tali
1551 3023 1641 3072 tri·

585 3096 793 3159 nmpbo.

650 3169 816 3221 Immo
831 3174 890 3220 et
903 3169 1145 3219 Tribunis
1163 3169 1328 3234 plebis
1351 3170 1463 3233 ipss
1478 3171 1641 3236 Virgo

585 3246 868 3310 potentior.
933 3245 1020 3294 Sic
1063 3259 1174 3294 rem
1217 3245 1464 3308 exprimit
1489 3247 1642 3295 Vale·

587 3323 693 3372 rius
715 3322 860 3371 Max.
883 3321 918 3370 1.
937 3334 988 3370 v.
1011 3324 1124 3369 c.4.
1157 3323 1174 3350 ⁶
1197 3321 1266 3370 Et
1283 3322 1502 3373 Claudia
1518 3324 1643 3372 Ves-

588 3396 706 3446 talis
725 3410 842 3445 cum
855 3403 1056 3458 petrem
1075 3411 1222 3446 sunm
1239 3412 1270 3446 e
1287 3411 1440 3448 curru
1465 3401 1643 3449 trium-

588 3470 854 3535 phantem,
876 3469 1103 3520 violenta
1121 3473 1334 3521 Tribuni
1357 3474 1522 3536 plebis
1541 3489 1645 3524 ma-

588 3559 657 3595 nn
679 3545 887 3595 detrahi
917 3544 1384 3608 animadvertisset,
1405 3550 1535 3599 mira
1558 3564 1645 3600 ce·

589 3621 796 3672 leritate
853 3621 1084 3685 utrisque
1140 3637 1194 3672 se
1251 3623 1647 3689 interponendo,

589 3697 950 3762 amplissimam
1003 3703 1316 3761 potestatem
1365 3700 1646 3752 inimicitiis

587 3787 858 3824 accensam
873 3773 1108 3836 depulit;
1141 3775 1298 3838 igitur
1320 3776 1537 3825 aiterum
1557 3777 1647 3824 tri·

590 3847 832 3912 umpbum
873 3855 1025 3912 pater
1061 3849 1114 3897 in
1135 3850 1474 3915 Capitolium,
1493 3852 1649 3901 alter·

591 3937 678 3974 um
697 3921 804 3972 filia
835 3923 889 3972 in
911 3923 1074 3974 edem
1099 3926 1276 3976 Vestae
1297 3926 1481 3976 duxit?
1543 3927 1647 3975 Ta-

589 4007 706 4050 men
725 3998 938 4048 Sueton-
953 4000 1131 4050 Tiba-
1169 4002 1216 4050 N
1221 4015 1286 4050 on
1305 4007 1492 4065 petrem
1507 4002 1647 4066 bunc,

587 4073 906 4134 sedfmtrsm
925 4075 1158 4125 Claudite
1185 4083 1357 4126 vocet.

647 4151 846 4203 mm
877 4150 1036 4202 etiam
1068 4151 1228 4202 bonos
1258 4151 1460 4202 habitus
1477 4151 1648 4220 Virgit·

1702 671 1869 742 nibus,
1890 687 1949 730 ut
1970 681 2043 730 eis
2067 681 2147 731 via
2170 681 2420 732 cederent
2442 681 2674 730 eonsules
2705 665 2761 730 et

1702 767 1971 820 pretores,
1991 765 2050 806 ut
2074 765 2129 806 et
2151 758 2319 806 locum
2354 746 2691 820 praecipuumJ
2708 745 2764 806 et

1702 823 2111 881 honestissimum
2150 831 2405 882 baberent
2445 833 2495 881 in
2532 830 2667 880 ludis
2698 844 2761 880 ac

1703 909 2031 972 spectaculis,
2063 916 2120 957 ut
2144 916 2199 956 et
2223 909 2360 958 inter
2394 909 2533 971 ipsus
2556 907 2764 956 sederet

1704 983 1937 1048 Augusta
1980 984 2227 1048 principis
2268 999 2417 1046 uxor,
2473 997 2566 1047 per
2604 984 2763 1032 hono·

1702 1073 1829 1109 rem.
2406 1089 2413 1092 -

1764 1137 1942 1185 Tantae
1983 1137 2137 1185 etiam
2178 1134 2301 1184 fidei
2338 1142 2395 1185 et
2439 1130 2765 1184 auctoritatis

1703 1210 1915 1260 fuerunt
1948 1213 2029 1260 11ae
2075 1213 2316 1275 virgines,
2356 1217 2414 1260 ut
2448 1211 2587 1274 apud
2623 1210 2763 1273 ipsas

1706 1286 2087 1349 deponerentur
2108 1294 2421 1337 testamenta
2455 1287 2768 1350 principum,

1705 1371 1760 1412 et
1782 1363 2067 1426 praesertim
2094 1364 2327 1412 Max-im
2368 1378 2457 1412 seu
2483 1361 2768 1412 vetustissi-

1706 1453 1801 1487 mae
1836 1440 2121 1487 Vestalium
2153 1437 2274 1487 fidei
2301 1439 2768 1500 committerentur,

1708 1528 1899 1578 perque
1940 1528 2025 1562 eas
2068 1512 2386 1563 inferrentur
2419 1515 2470 1562 in
2511 1519 2765 1582 senatum,

1708 1590 1780 1638 ibi
1822 1589 2122 1650 recitanda;
2153 1591 2227 1639 ita
2248 1598 2309 1639 ut
2348 1591 2523 1654 legata
2544 1596 2601 1638 et
2622 1603 2765 1653 mag-

1707 1679 1789 1713 nae
1827 1679 1953 1727 opes
1989 1680 2020 1713 a
2048 1665 2447 1725 dominantibus,
2468 1665 2591 1728 ipsis
2615 1664 2767 1713 relin-

1710 1745 2005 1803 querentur.
2040 1783 2063 1800 ‚

1774 1813 1861 1863 Ita
1884 1821 2073 1876 tamen,
2094 1821 2151 1864 nt
2170 1815 2298 1864 nulii
2319 1815 2567 1865 intestato
2588 1829 2769 1865 succe·

1710 1889 1897 1938 derent
1936 1890 2196 1952 Vestales,
2239 1898 2295 1940 et
2338 1891 2463 1953 ipsis
2508 1891 2768 1941 intestatis

1710 1963 1866 2015 etiam
1886 1979 2035 2014 nemo
2058 1966 2222 2014 haeres
2240 1972 2400 2026 esset,
2417 1965 2507 2014 sed
2532 1979 2660 2029 opes
2682 1979 2766 2015 es-

1711 2041 1894 2090 rum‘in
1917 2039 2174 2103 publicum
2198 2040 2573 2103 redigerentur.

1775 2115 1839 2165 Id
1874 2116 2011 2179 juris
2054 2115 2207 2165 etiam
2262 2115 2549 2164 habuerunt
2592 2115 2767 2165 Vestoe

1713 2192 1954 2255 virgInes,
1986 2188 2045 2239 'ut
2084 2190 2127 2240 si
2166 2204 2300 2253 rens,
2321 2191 2409 2254 qui
2446 2190 2513 2238 ad
2548 2180 2768 2240 inertem

1710 2269 2013 2331 ducebatur,
2054 2267 2255 2316 obviam
2304 2266 2521 2315 haberet
2574 2267 2629 2314 in
2682 2267 2769 2315 via

1700 2343 1964 2414 *virginem
2000 2340 2199 2392 feretro
2236 2355 2327 2391 suo
2366 2356 2460 2390 seu
2515 2347 2765 2405 carpento

1698 2415 1931 2478 recum,
1984 2417 2161 2467 statim
2202 2417 2455 2480 supplicio
2488 2423 2543 2467 et
2586 2418 2769 2480 laqueo

1712 2494 2035 2557 eriperetur-3
2068 2493 2147 2541 ita
2186 2499 2360 2541 tamen
2397 2498 2457 2542 ut
2486 2493 2601 2556 ipsa
2620 2492 2767 2556 virgo

1714 2574 1821 2617 tum
1851 2569 2033 2632 jurare
2064 2572 2346 2628 teneretur,
2366 2579 2422 2614 se
2456 2579 2559 2616 non
2587 2566 2769 2615 dedlta

1712 2657 1874 2706 opere
1910 2657 1999 2691 reo
2020 2642 2327 2704 occurrisse,
2346 2641 2437 2691 sed
2478 2641 2531 2690 id
2554 2640 2769 2691 fortuito

1713 2733 1837 2769 casu
1856 2717 2068 2767 factum.

1778 2795 1847 2843 Et
1860 2793 1997 2857 quod
2016 2793 2185 2856 magni
2198 2793 2461 2856 momenti,
2477 2791 2611 2856 quod
2634 2803 2770 2841 mux-

1712 2871 1826 2918 imm
1880 2869 2203 2919 auctoritatis
2257 2875 2611 2932 argumentum
2650 2865 2771 2927 fnit,

1717 2945 1954 3008 Virgines
1976 2945 2093 2994 istae
2109 2944 2472 3008 supplicabant
2486 2955 2585 2992 non
2605 2937 2771 2992 solum

1715 3022 1873 3084 Deos,
1894 3021 1987 3070 sed
2023 3027 2081 3070 et
2110 3021 2339 3070 homines
2364 3034 2457 3084 pro
2478 3018 2778 3080 eoncordia,

1714 3111 1811 3160 pro
1834 3110 1969 3160 pace
2000 3097 2139 3148 inter
2160 3098 2301 3146 cives
2322 3095 2559 3156 ineunda,
2574 3103 2679 3156 pro·
2698 3107 2774 3162 suf

1713 3172 1821 3222 inte
1842 3172 2145 3236 principum,
2162 3183 2257 3233 pro
2278 3167 2519 3232 foeminis,
2536 3181 2633 3232 pro
2652 3167 2774 3217 fluis

1714 3245 1937 3310 ipsorum
1962 3258 2252 3309 procerum.
2692 3277 2699 3286 .

1776 3321 1866 3371 Sic
1896 3321 2017 3369 olim
2036 3319 2233 3370 Julium
2252 3319 2512 3368 cesarem
2532 3315 2775 3381 Virgines

1716 3394 2032 3445 auctoritate
2068 3407 2159 3443 sua
2192 3400 2247 3443 et
2281 3393 2522 3458 precibus
2556 3391 2772 3442 sevitio

1712 3469 1872 3532 Syllae
1926 3469 2196 3520 dictatoris
2260 3469 2580 3532 eripuerant,
2636 3469 2774 3518 te'ste

1716 3546 1923 3595 Sueten.
1938 3546 2045 3596 Jnl.
2067 3552 2113 3595 1.
2160 3545 2247 3594 Sic
2268 3550 2324 3593 et
2342 3543 2477 3593 infra
2496 3541 2631 3607 apud
2648 3543 2775 3593 Tac.

1716 3622 1769 3672 in
1812 3622 2039 3672 historiis
2072 3633 2283 3672 servare
2304 3621 2581 3670 voluerunt
2606 3619 2775 3669 Vitel-

1715 3697 1839 3747 lium
1864 3697 2145 3761 principem
2166 3697 2361 3748 victum
2383 3698 2495 3760 jsm
2520 3702 2577 3746 et
2598 3693 2775 3766 profli-¹

1718 3780 1890 3838 gatnm
1912 3789 1945 3823 a
1966 3773 2241 3835 Flavianis,
2260 3781 2317 3822 et
2334 3773 2553 3822 suadere
2592 3776 2776 3836 paceni

1718 3851 2037 3912 nitebantur,
2057 3841 2113 3900 et
2146 3849 2197 3898 in
2238 3848 2290 3898 id
2314 3862 2429 3898 cum
2455 3847 2637 3911 legatis
2660 3845 2781 3895 mis-

1718 3941 1807 3988 se,
1828 3927 1917 3976 sed
1944 3925 2155 3976 frustra.

1784 4001 1855 4050 At
1880 4001 1946 4050 de
1962 3999 2161 4048 Vestali
2198 3998 2273 4047 sic
2290 3995 2495 4046 Tullius
2522 4009 2619 4060 pro
2641 3995 2778 4044 Fon·

1718 4076 1857 4128 teio:
1888 4075 1907 4104 ⁴
1928 4073 2217 4139 Superbum
2253 4074 2340 4137 sit,
2361 4073 2473 4136 ejus
2494 4071 2778 4122 obsecrati·

1718 4165 1868 4204 onem
1907 4149 2213 4216 repudiares
2232 4150 2381 4215 cnjus
2414 4149 2458 4199 si
2480 4147 2779 4212 Diis-por-
