3200 4934
575 349 760 420 1⁰oe

581 511 670 576 ad
717 506 932 596 spemf
966 511 1260 596 accingi:
1287 531 1412 579 nec
1439 514 1611 578 enim
1640 513 1995 591 occultum,
2018 512 2183 594 quid
2208 521 2367 598 post
2392 516 2528 582 tale
2552 518 2783 582 matri-

579 614 874 678 monium
901 613 1319 696 superesset.’
1407 615 1691 678 Subibat
1711 615 1853 678 sine
1884 615 2090 678 dubio
2120 623 2340 680 metus
2371 623 2782 700 reputantes,

583 716 607 748 ‘
631 712 929 779 hebetem
960 713 1312 780 Claudium
1340 721 1408 780 et
1453 718 1651 782 uxori
1694 718 2099 793 devinctum,
2130 719 2507 801 multasque
2533 725 2780 784 mortes

572 815 767 900 jussu
798 816 1209 882 Messallinae
1241 819 1579 901 patratas?
1670 818 1933 883 Rursus
1955 819 2108 902 ipsa
2148 818 2438 884 facilitas
2482 819 2785 904 Impera-

577 915 748 980 toris
777 915 1092 982 fiduciam
1122 919 1348 998 dabat,
1381 923 1402 952 ‘
1431 920 1491 984 si
1535 919 1882 984 atrocitate
1913 921 2205 984 criminis
2248 909 2785 1004 praevaluissent}

584 1035 792 1100 posse
837 1021 1128 1102 opprimi
1194 1022 1580 1085 damnatam
1644 1026 2003 1104 antequam
2055 1032 2291 1086 ream!
2393 1023 2527 1087 Sed
2584 1025 2655 1087 in
2704 1041 2787 1094 eo

583 1116 940 1183 discrimen
981 1121 1170 1199 verti,
1212 1123 1270 1185 si
1319 1121 1616 1187 defensio
1658 1122 2011 1202 audiretur,
2054 1129 2253 1207 utque
2300 1126 2551 1189 clausae
2595 1141 2787 1188 aures

587 1219 786 1283 etiam
817 1221 1144 1287 confitenti
1168 1223 1423 1288 forent.’

672 1321 784 1386 29.
827 1320 936 1386 Ac
980 1321 1225 1405 primoh
1254 1322 1615 1403 CallistuS,¹
1649 1326 1794 1410 jam
1822 1327 1987 1390 mihi
2028 1325 2213 1392 circa
2254 1347 2482 1392 necem
2512 1325 2593 1392 C.
2636 1328 2789 1396 Cae-

1279 371 1348 418 ο.
1395 367 1760 418 connum
1805 367 2067 416 rscr‘rr
2454 375 2549 439 [A.
2568 376 2779 428 uem,

585 1485 858 1548 illustrem,
894 1486 1057 1536 forms
1092 1489 1321 1553 corporis
1358 1491 1628 1554 insignem,
1663 1492 1718 1540 vi
1758 1491 1974 1554 ingenii,
2014 1499 2173 1558 atque
2218 1493 2453 1556 proximo
2501 1494 2794 1556 consulatu,

585 1551 1439 1666 ffeijsslssssssssfissilssefflifffflss
1457 1556 1845 1676 {Yminffiiii
1852 1563 1995 1668 ¹1:2⁰.
2004 1556 2321 1669 2²:31less
2324 1555 2796 1670 xxm&

587 1691 701 1727 esse
727 1677 1000 1727 Claudium
1023 1685 1082 1727 et
1099 1677 1321 1730 foeminoe
1346 1680 1631 1743 addictum,
1668 1655 2017 1746 plurim’asque
2046 1683 2217 1730 credes
2248 1657 2538 1746 imperant’e
2638 1688 2795 1734 essai-

583 1741 695 1790 lina
717 1749 1062 1805 perpetratas.
1130 1743 1225 1792 Sed
1253 1745 1444 1793 ulium
1477 1744 1584 1807 ipsa
1626 1743 1905 1808 simplicitas
1939 1744 2171 1807 principis
2189 1759 2317 1806 spem
2337 1747 2555 1809 addebat,
2576 1747 2621 1796 si
2656 1749 2797 1798 semel

586 1805 898 1854 enormitate
932 1807 1142 1856 sceleris
1165 1808 1591 1871 proepolluissent
1619 1809 1743 1870 apud
1758 1809 1931 1871 ipsum,
1957 1821 2107 1870 posse
2130 1809 2359 1856 damnari
2382 1817 2438 1858 et
2457 1811 2645 1873 perimi
2667 1813 2795 1861 Mes·

585 1869 821 1931 affinem,
844 1870 1137 1934 priusquam
1167 1886 1308 1921 ream
1333 1879 1422 1921 aut
1444 1871 1757 1920 convictam.
1824 1871 1925 1920 Sed
1950 1871 2001 1919 in
2021 1885 2083 1920 eo
2107 1871 2394 1934 periculum
2412 1886 2544 1936 esse,
2566 1874 2608 1922 si
2627 1890 2681 1925 se
2706 1875 2795 1925 de·

585 1932 803 1982 tendens
821 1935 936 1997 ipsa
959 1934 1246 1998 audiretur,
1269 1943 1326 1985 et
1346 1934 1655 1985 necessariam
1670 1949 1785 1998 esse,
1804 1941 1865 1984 nt
1893 1934 2177 1985 obstructae
2202 1949 2351 1985 aures
2367 1938 2616 2002 principis,
2635 1940 2793 1989 etiarn

594 1995 872 2047 confitenti
887 1999 1054 2058 scelus,
1069 1997 1261 2050 forent.

653 2061 726 2110 Et
742 2062 885 2112 isit-io
909 2064 1151 2127 Callistus,
1169 2064 1276 2124 jam
1291 2063 1413 2114 mihi
1432 2068 1735 2126 memoratus,
1750 2079 1856 2114 cam
1872 2065 2046 2115 codem
2071 2063 2307 2126 Gal-‘gula
2321 2068 2573 2132 traderem,
2594 2073 2645 2117 et
2668 2068 2797 2118 Nan-

1585 2193 1811 2246 NOTAE

592 2304 894 2370 acciperent
915 2307 981 2356 ad
998 2321 1202 2357 causam
1216 2306 1495 2374 orandam-3
1511 2307 1528 2336 ‘
1554 2307 1657 2358 dis·
1737 2321 1895 2359 scena
1932 2309 2353 2360 convertebatur.
2441 2307 2587 2358 Infra
2623 2308 2797 2360 Tacit.

591 2396 711 2446 cors
731 2381 892 2432 Suilio
907 2382 1060 2432 Silius
1083 2383 1275 2433 acriter
1289 2383 1546 2446 incubuit,
1569 2398 1658 2434 ve·
1737 2383 1754 2412 ‘
1776 2383 2023 2434 Verterat
2042 2385 2301 2448 pernicies
2315 2387 2369 2435 in
2386 2383 2777 2435 accusatorem?

594 2463 767 2531 terum
808 2463 1074 2507 oratorum
1123 2460 1361 2536 exempla
1391 2457 1660 2525 reserens‚’
1804 2455 1818 2490 ¹
1852 2457 2101 2520 Callistus]
2144 2459 2227 2509 De
2271 2475 2375 2524 quo
2416 2459 2552 2510 Plin.
2591 2469 2803 2510 xxxin.

593 2536 690 2585 διο.
1741 2537 1822 2582 10.
1858 2533 1947 2583 ubi
1965 2533 2030 2583 de
2052 2535 2265 2584 Crasso:
2289 2536 2305 2563 ‘
2326 2535 2390 2584 In
2415 2534 2551 2598 agris
2588 2534 2693 2583 suis
2722 2533 2803 2582 M.

659 2607 682 2642 ¹
707 2611 944 2673 Meiere-m
973 2614 1037 2662 ad
1066 2611 1214 2676 spera]
1258 2613 1484 2676 Nempe,
1505 2626 1659 2676 quam

595 2690 914 2751 consulatus,
935 2704 1090 2754 quem
1098 2689 1210 2753 jam
1232 2688 1457 2739 babebat
1485 2689 1658 2738 Silius.

597 2763 880 2814 Consulatu
903 2763 1019 2828 ipso
1035 2765 1101 2814 ad
1115 2763 1465 2828 principatum
1487 2763 1658 2814 acciu-

597 2839 836 2904 gebatur.
905 2842 1017 2891 Dos
1040 2840 1231 2906 quippe
1253 2839 1372 2890 talis
1394 2840 1657 2890 matrimo-

595 2915 668 2964 nii
709 2915 986 2980 inperium
1030 2914 1232 2981 suisset,
1273 2923 1331 2967 et
1370 2916 1509 2966 forte
1553 2930 1657 2965 non

599 2989 711 3039 sine
766 2991 980 3041 consi-lio
1035 3007 1154 3041 eum
1212 2992 1280 3042 ad
1335 2992 1657 3043 consulatum

597 3072 846 3114 evexerat
860 3064 1174 3115 Messallina.

660 3146 688 3183 8
718 3139 983 3204 Antequam
1013 3141 1166 3204 reum]
1247 3141 1541 3207 Antequam
1575 3157 1662 3192 au-

597 3215 801 3268 diretur
825 3216 1144 3280 Messallina,
1178 3216 1472 3283 priusquam
1493 3232 1583 3267 rea
1607 3233 1663 3268 se

601 3291 930 3342 defenderet.
1006 3293 1254 3357 Inprimis
1299 3293 1435 3343 enim
1474 3309 1663 3345 caven-

596 3369 721 3420 dum
737 3368 856 3434 fuit,
875 3384 941 3420 ne
963 3367 1196 3420 defensio
1212 3368 1498 3433 audiretur,
1518 3375 1573 3420 et
1594 3385 1664 3420 ne

596 3461 748 3496 aures
798 3445 1075 3496 confitenti.
1131 3446 1308 3496 Coesar
1357 3445 1623 3511 praeberet
1646 3462 1662 3506 ς

593 3521 847 3572 Claudius
867 3521 1004 3572 enim
1026 3521 1178 3572 simul
1196 3537 1310 3572 eam
1332 3521 1575 3583 audisset,
1608 3527 1665 3570 et

599 3597 923 3649 absolvisset.

663 3671 690 3706 h
720 3674 795 3723 Ae
810 3673 990 3738 primo]
1023 3673 1256 3724 Primum
1290 3675 1428 3724 inter
1463 3687 1519 3723 se
1541 3687 1663 3723 con-

603 3751 864 3800 sultavere
917 3758 1022 3800 tres
1089 3751 1435 3814 potentissimi
1489 3749 1665 3800 liberti

603 3826 846 3890 Cesaris,
869 3825 1135 3889 Callistus,
1161 3827 1457 3887 Narcissus,
1469 3833 1526 3876 et
1547 3824 1695 3881 Pal-,

603 3905 698 3954 las.
762 3903 839 3954 At
871 3912 1057 3970 postea
1099 3904 1512 3954 abscedentibus
1555 3902 1673 3952 Cal-

601 3981 724 4032 listo
762 3988 819 4031 et
869 3982 1129 4041 Pallante,
1181 3981 1415 4044 perstitit
1462 3977 1675 4028 Narcis-

606 4072 714 4120 sus,
728 4058 784 4108 id
801 4058 964 4109 solum
982 4059 1256 4111 immutans
1279 4056 1345 4105 de
1363 4053 1529 4118 primo
1551 4067 1674 4104 con-

603 4131 742 4194 silio,
765 4147 832 4184 ne
863 4141 1096 4186 moneret
1115 4131 1483 4192 Messallinam,
1517 4129 1675 4195 idque

607 4207 914 4273 prudenter.
982 4211 1119 4261 Nam
1141 4207 1267 4258 alias
1289 4207 1346 4256 in
1367 4206 1537 4272 ipsum
1562 4211 1675 4257 tota

1737 2609 1815 2658 M.
1868 2610 2167 2660 sestertium
2226 2611 2472 2674 possedit,
2520 2609 2801 2661 Quiritium

1739 2689 1858 2748 post
1878 2685 2072 2749 Syllam
2100 2685 2397 2738 ditissimus.
2462 2687 2579 2737 Nec
2600 2685 2701 2734 fuit
2722 2699 2803 2734 sa-

1738 2760 1828 2822 tis,
1867 2759 1969 2809 nisi
2008 2767 2174 2810 totum
2214 2761 2521 2811 Parthorum
2557 2759 2804 2808 esurisset

1738 2851 1949 2886 aurum:
1996 2845 2151 2903 atque
2170 2844 2232 2887 ut
2252 2851 2436 2888 nomen
2471 2835 2679 2902 quidem
2712 2850 2809 2898 op·

1736 2911 1850 2962 timi
1887 2914 2167 2978 occupavit
2189 2913 2367 2978 (juvat
2388 2913 2527 2962 enim
2560 2912 2805 2961 insectari

1735 2989 2103 3054 inexplebilem
2146 2992 2299 3041 istam
2335 2990 2559 3041 habendi
2602 2987 2804 3054 cupidi-

1740 3071 1904 3137 nem),
1921 3074 2109 3123 multos
2128 3080 2311 3137 postea
2347 3071 2681 3133 cognovimus
2699 3082 2806 3116 ser-

1740 3147 1911 3198 vitute
1932 3148 2181 3198 liberatos
2196 3146 2569 3209 opulentiores,
2591 3143 2809 3206 pariter·

1742 3239 1843 3287 que
1874 3229 1983 3272 tres
2018 3219 2224 3270 Claudii
2258 3218 2576 3282 principatu,
2604 3217 2811 3266 Pallan·

1742 3305 1867 3361 tem,
1889 3297 2157 3347 Callistum
2182 3302 2240 3345 et
2260 3293 2599 3345 Narcissum?
2622 3293 2701 3344 M.
2728 3293 2808 3344 Μ.

1742 3381 1867 3423 sunt
1886 3375 2132 3422 5000000.
2150 3371 2402 3422 coronati.

1807 3453 1879 3502 Et
1900 3449 1991 3500 lib.
2016 3461 2213 3500 xxxvl.
2235 3453 2285 3498 7.
2316 3449 2333 3476 ⁴
2348 3446 2621 3496 Van-iatum
2637 3447 2691 3494 in
2714 3445 2811 3496 boc

1741 3525 1917 3590 lapide
1950 3531 2135 3591 postea
2164 3531 2264 3574 est.
2312 3522 2583 3590 (Sudinem
2622 3519 2813 3571 intelli-

1744 3602 1839 3668 git,
1870 3607 2046 3667 'genus
2092 3598 2407 3664 marmoris.)
2450 3599 2691 3663 Namque
2716 3611 2811 3660 pro

1742 3679 1993 3729 miraculo
2023 3675 2211 3739 insigni
2234 3683 2455 3741 quatuor
2484 3675 2683 3725 medias
2706 3671 2815 3740 (co-

1743 3751 1967 3816 lumnas)
1987 3751 2037 3800 in
2060 3752 2267 3801 theatro
2289 3767 2382 3800 suo
2405 3751 2675 3801 Cornelius
2692 3749 2815 3800 Bal-

1750 3830 1844 3879 bus
1877 3828 2068 3893 posuit.
2137 3827 2247 3877 Nos
2286 3826 2563 3890 ampliores
2600 3819 2817 3890 triginta

1750 3906 1969 3956 vidimus
1991 3905 2042 3954 in
2066 3903 2380 3963 causticae,
2398 3916 2550 3966 quam
2574 3901 2814 3952 Callistus

1754 3982 1977 4034 Cesaris
2006 3980 2208 4032 Claudii
2241 3980 2543 4030 libertorum
2582 3979 2818 4044 potentia

1754 4063 1924 4118 notus,
1944 4055 2043 4106 sibi
2064 4053 2451 4106 aedificsverst’

1819 4122 1942 4195 Hic,
1961 4136 2100 4181 teste
2112 4129 2301 4195 Dione,
2322 4129 2425 4181 fuit
2442 4131 2677 4182 conscius
2696 4143 2819 4178 con·

1748 4208 2027 4274 jurationis
2049 4209 2299 4260 adversus
2329 4207 2393 4260 C.
2416 4207 2677 4258 Cesaram
2699 4217 2817 4254 cum
