3200 4934
520 370 697 441 1144

520 528 744 608 nem,’‘
786 528 975 617 (nam
1019 514 1331 594 Antoni’af
1370 548 1459 593 ex
1518 526 1760 591 Petina
1795 522 1968 609 erat)
1989 527 2012 558 ‘
2037 522 2201 588 nihil
2235 523 2302 587 in
2348 522 2716 591 Penatibus

522 632 672 715 ejus
696 630 989 707 novum,'
1012 630 1396 707 disserebat,
1426 634 1448 665 ‘
1468 631 1527 694 si
1570 634 1756 693 sueta
1775 626 2026 711 conjux
2053 625 2289 690 rediret
2309 647 2332 705 3
2372 625 2716 710 haudqua-

522 751 729 815 quam
772 731 1231 796 novercalibus
1274 731 1449 795 odiis
1474 736 1770 794 usuram²
1797 728 1869 791 in
1907 727 2364 792 Britannicum
2406 733 2473 791 et
2509 725 2718 791 Octa-

522 832 729 910 viam,
757 832 1066 915 proxima
1088 833 1229 895 suis
1247 829 1594 914 pignora.’⁸
1651 828 1970 893 Callistus
1995 833 2016 861 ‘
2047 829 2492 910 improbatam
2518 827 2716 907 longo

526 930 862 1011 discidio,³
916 954 1023 1011 ac,
1066 934 1125 996 si
1194 952 1417 995 rursus
1464 935 1929 1006 assumeretur,
1981 948 2064 992 eo
2111 931 2264 1011 ipso
2325 928 2718 1011 superbam:

523 1032 844 1117 longeque
879 1034 1123 1097 rectius
1176 1032 1462 1095 Lolliam
1499 1030 1748 1108 induci,
1789 1029 2054 1113 quando
2097 1030 2314 1093 nullos
2339 1020 2582 1093 liberos
2609 1050 2720 1113 ge—

525 1136 803 1211 nuisset,
859 1152 1143 1198 vacuam
1200 1132 1646 1207 aemulatione,
1721 1136 1788 1195 et
1843 1131 2162 1213 privignis
2214 1133 2512 1215 parentis
2569 1134 2724 1197 loco

526 1234 853 1299 futuram:
920 1232 1013 1298 At
1030 1234 1259 1299 Pallas
1289 1232 1357 1297 id
1385 1234 1676 1297 maxime
1697 1234 1766 1296 in
1783 1230 2160 1316 Agrippina
2187 1232 2476 1309 laudare,
2499 1237 2519 1267 ‘
2543 1232 2724 1317 quod

526 1333 908 1400 Germanici
926 1341 1225 1419 nepotem
1256 1354 1481 1399 secum
1506 1336 1804 1411 haberet,
1827 1335 2106 1415 dignum
2123 1354 2398 1417 prorsus
2423 1334 2726 1417 Impera-

530 1435 700 1502 toria
726 1436 1005 1513 fortuna,
1052 1436 1327 1519 stirpem
1359 1434 1676 1512 nobilem,
1721 1440 1790 1499 et
1821 1434 2106 1505 ,familias
2160 1432 2492 1499 Claudiaeh
2537 1440 2727 1516 quae⁴

1219 380 1291 435 c.
1336 380 1704 433 coenatu
1751 378 2010 432 nem
2389 384 2482 451 [Α.
2505 386 2574 439 u.
2591 390 2718 439 sos.

514 1616 634 1683 fllia
651 1617 789 1680 erat)
808 1618 882 1667 sic
905 1617 1029 1667 nibil
1052 1630 1240 1667 novum
1263 1617 1313 1666 in
1333 1618 1447 1681 ejus
1474 1615 1669 1667 familia
1681 1617 1810 1677 fore,
1833 1616 1874 1665 si
1899 1616 2052 1665 solita
2063 1629 2194 1665 uxor
2212 1620 2565 1676 revocaretur,
2585 1628 2722 1664 eam-

531 1696 633 1747 que
676 1683 937 1731 novercali
969 1682 1177 1745 ingenio
1218 1696 1284 1730 ue
1323 1695 1541 1745 unquam
1584 1696 1791 1729 usuram
1827 1681 1880 1728 in
1913 1680 2274 1729 Britannicum
2329 1687 2386 1729 et
2425 1678 2726 1741 Octaviam,

572 1745 826 1809 ropinqua
862 1746 964 1793 suls
999 1746 1229 1809 pignora.
1343 1752 1494 1793 ontra
1531 1745 1758 1793 callistus
1793 1744 2100 1806 disserebat,
2141 1744 2383 1808 Petinm,
2411 1749 2728 1793 contemtam

531 1760 775 1858 diuturno
797 1808 1035 1871 repudio,
1056 1816 1110 1855 et
1142 1808 1185 1856 si
1222 1822 1398 1856 rursus
1436 1808 1785 1871 acciperetur,
1801 1808 1940 1856 illam
1974 1822 2037 1856 eo
2073 1808 2186 1869 ipso
2224 1805 2364 1859 fastu
2392 1807 2730 1870 impotentem

534 1870 683 1922 fore:
718 1879 775 1920 et
804 1874 957 1935 louge
992 1872 1175 1921 melius
1214 1872 1429 1919 Lolliam
1464 1873 1671 1931 assumi,
1741 1888 1814 1920 ιω
1852 1886 1970 1920 cum
2003 1872 2192 1920 nullam
2265 1872 2427 1920 rolem
2463 1869 2729 1931 edidisset,

532 1935 1885 2064 ffiffitzfflffffffiprssfigsizmammillam?
1893 1936 2168 2061 ‚iiiia-„⁴⁴
2175 1886 2469 2053 &gfff-32⁸1&
2493 1934 2732 2062 Ἓῗςῗΐὲ

1142 2036 1157 2061 2
2476 2033 2491 2057 2

534 2064 686 2127 plane
706 2064 978 2129 principali
991 2061 1219 2127 fastigio,
1234 2062 1463 2113 sobolem
1487 2064 1760 2123 illustrem,
1783 2062 2066 2126 dignamque
2084 2062 2174 2125 sic,
2196 2077 2311 2126 qun
2335 2063 2476 2127 genti
2500 2060 2732 2112 Claudia

1458 2192 1812 2212 WOOOOOO‘OO

584 2276 617 2321 2
644 2271 802 2321 Usum
818 2271 1134 2321 Puteolanus
1144 2278 1201 2321 et
1212 2272 1567 2337 Recentiores,
1580 2287 1708 2337 quos
1722 2278 1930 2323 secutus
1941 2279 2024 2322 est
2034 2271 2258 2321 Brotier.
2279 2270 2345 2321 In
2357 2270 2586 2320 editione
2597 2267 2735 2333 prin·

538 2334 661 2399 cipe
682 2335 847 2383 visura
876 2334 1229 2386 Britannicum.
1250 2338 1380 2387 Mss.
1398 2338 1547 2387 Harl.
1565 2336 1715 2386 Bodl.
1733 2344 1788 2385 et
1804 2336 1914 2387 Jes.
1941 2351 2133 2391 usuram
2145 2352 2164 2393 ,-
2181 2334 2318 2401 quod
2335 2348 2435 2383 non
2457 2334 2732 2397 displiceo

540 2399 617 2449 sic
648 2398 781 2447 enim
798 2398 1029 2447 variatur
1060 2399 1242 2450 oratio.
1286 2400 1597 2451 Breuem—3
1643 2398 1730 2449 Sic
1761 2399 1997 2449 dedimus
2021 2415 2112 2463 pro
2128 2398 2341 2459 dissidio,
2355 2406 2414 2447 ut
2422 2398 2534 2461 jam
2552 2412 2624 2445 ιω
2715 2408 2732 2445 ε

537 2468 597 2513 et
634 2462 708 2512 sic
742 2477 943 2526 quoque
994 2463 1187 2514 habent
1224 2465 1355 2513 Mss.
1398 2466 1529 2529 Reg.
1576 2472 1633 2514 et
1691 2478 1851 2513 meus.
1911 2465 2239 2529 Bythias—4
2275 2464 2396 2519 Quoe
2445 2462 2606 2509 redun
2644 2474 2736 2509 are

538 2525 848 2591 opinabatur
888 2526 1146 2576 Muretus.
1212 2529 1373 2578 Certe
1403 2530 1449 2578 si
1483 2544 1585 2578 vox
1627 2529 1718 2578 illa
1735 2528 1958 2591 abesset,
1976 2528 2188 2577 citatior
2225 2526 2574 2589 illustriorque
2597 2524 2738 2575 foret

539 2590 725 2641 oratio.
796 2590 949 2640 Haud
972 2596 1146 2639 tamen
1176 2592 1361 2641 vitiosa
1382 2599 1480 2642 est.
1544 2594 1764 2642 Frustra
1785 2608 1912 2657 ergo
1929 2594 2079 2642 multi
2101 2594 2235 2641 hunc
2254 2592 2428 2640 locum
2460 2602 2737 2651 vexavere,

578 2668 670 2704 uos
694 2654 831 2702 inter
856 2654 1126 2717 Heinsius,
1151 2657 1239 2721 qui
1260 2657 1337 2706 ita
1358 2657 1689 2718 emendabat,
1708 2658 1856 2721 stirpe
1875 2657 2077 2706 nobilem
2091 2654 2510 2719 Agrippinum&
2531 2652 2740 2713 seruilia

581 2717 695 2767 ulie
731 2718 1032 2781 Claudioeque
1062 2725 1272 2782 posteros
1306 2722 1599 2783 conjungere.
1645 2722 1871 2770 Brotier.
1935 2721 2104 2771 Valde
2139 2718 2326 2769 sudant
2360 2719 2412 2766 in
2447 2717 2546 2767 loci
2585 2716 2738 2779 liujus

540 2781 914 2831 constitutione
936 2782 1281 2847 Interpretes.
1346 2785 1411 2835 In
1446 2786 1574 2835 Cod.
1596 2800 1712 2834 meo
1738 2800 1769 2839 a
1802 2786 1969 2848 prima
2005 2798 2155 2833 manu
2190 2789 2289 2846 est,
2323 2782 2519 2843 dignam
2553 2794 2744 2843 prorsus

540 2844 578 2895 i.
600 2844 651 2905 s.
692 2845 899 2896 scilicet
934 2845 1307 2911 Agrippinam:
1342 2848 1481 2913 quod
1539 2849 1876 2898 vehementer
1912 2850 2102 2913 placet.
2189 2846 2562 2908 Intempestive
2603 2842 2741 2892 enim

542 2908 719 2959 Pallas
740 2909 839 2960 hoe
862 2910 930 2959 de
960 2912 1174 2963 Nerone
1208 2912 1426 2963 dixisset
1446 2930 1459 2962 =
1501 2928 1668 2977 neque
1690 2913 1826 2962 enim
1848 2919 1958 2963 tum
1980 2914 2062 2961 vel
2085 2926 2179 2975 per
2201 2910 2450 2960 somnium
2475 2908 2744 2972 cogitabat

542 2972 708 3024 adhuc
728 2973 979 3023 Claudius
1000 2974 1067 3025 de
1088 2977 1307 3027 Domitii
1326 2977 1642 3041 adoptione?
1686 2976 1912 3041 Reliqua
1943 2977 2106 3027 verba
2135 2975 2210 3024 ita
2249 2974 2459 3037 legebat
2495 2972 2744 3022 Nicolaus

547 3036 795 3087 Heinsius
809 3054 826 3088 ε
860 3036 1009 3101 stirpe
1044 3039 1242 3089 nobilem
1282 3040 1521 3107 (Nerone
1554 3038 1926 3107 Agrippinam)
1947 3046 1995 3089 et
2015 3040 2224 3101 santiliae
2256 3039 2404 3089 Jutioe
2443 3038 2746 3099 claudioeque

1514 3160 1736 3212 NOTAE

1685 3258 1718 3292 a
1740 3244 1950 3292 Nerone
1971 3240 2164 3291 occisa.

1751 3326 1776 3362 s
1789 3318 2020 3367 Proxima
2031 3316 2131 3365 suis
2143 3312 2370 3379 pignora]
2393 3312 2456 3363 ld
2475 3316 2574 3375 est,
2595 3326 2750 3377 prox·

546 3232 669 3285 eidli
692 3235 1067 3302 suspicionem-⁹

610 3316 633 3345 θ
666 3312 925 3362 Familiam
960 3312 1267 3379 manem]
1322 3314 1429 3368 Alii
1444 3316 1610 3383 ,filim

545 3386 755 3447 volunt3
790 3394 1019 3439 attamen
1036 3388 1095 3437 τὸ
1123 3388 1367 3451 sastilium
1394 3393 1610 3445 tolerari

544 3467 754 3524 potest;
784 3475 903 3511 nam
929 3472 1039 3512 tum
1074 3463 1271 3516 familia
1310 3470 1610 3533 communis,

548 3544 666 3585 cum
695 3542 819 3585 sunt
849 3535 1001 3586 liberi
1018 3551 1329 3601 communes,
1352 3550 1407 3591 st
1445 3541 1610 3593 Anto-

546 3608 688 3660 niam
702 3616 1003 3674 susceperat
1018 3612 1267 3663 Claudius
1289 3628 1355 3663 ex
1371 3614 1577 3666 Petina.

612 3686 635 3719 f
662 3687 894 3749 Antonia]
936 3689 1021 3736 De
1040 3703 1140 3752 qua
1160 3688 1295 3741 infra
1314 3692 1440 3742 Tac.
1460 3694 1479 3721 ‘
1507 3692 1611 3743 An-

549 3762 752 3813 toniam
774 3777 976 3827 quoque
1021 3769 1076 3813 et
1100 3766 1379 3816 Octaviam
1412 3782 1610 3818 sorores

552 3838 702 3904 ejus,’
735 3838 1046 3902 (Britannici
1091 3840 1300 3905 nempe)
1330 3843 1347 3871 ‘
1368 3844 1612 3908 attinuit:
1643 3836 1650 3842 ⁹

534 3918 739 3978 'nempe
796 3914 892 3962 sub
942 3921 1161 3964 mortem
1216 3916 1437 3981 Claudii,
1487 3919 1612 3969 dum

551 4006 635 4043 res
659 3990 971 4041 successoris
1010 3989 1399 4043 ordinarentur:
1435 3996 1612 4060 sieque

552 4065 741 4118 mansit
761 4065 989 4116 Antonia
1021 4065 1074 4116 in
1114 4068 1390 4129 penatibus
1425 4071 1613 4134 princi-

550 4142 652 4205 ·pis.
719 4142 852 4193 Haec
874 4144 1131 4207 desponsa
1151 4141 1325 4195 fuerat
1341 4144 1435 4197 Cn.
1462 4148 1612 4197 Pom·

556 4216 682 4282 peio
699 4216 911 4283 Magno,
933 4218 1053 4269 dein
1068 4217 1271 4270 Fausto
1286 4220 1441 4286 Sylla
1448 4238 1470 4285 3
1492 4236 1614 4273 mox

1685 3394 1790 3444 ima
1823 3392 2087 3454 Antonia,
2110 3398 2164 3442 et
2210 3391 2272 3441 iis
2309 3390 2486 3439 liberis
2519 3402 2648 3453 quos
2675 3400 2746 3436 ex

1685 3467 1865 3520 futuro
1897 3468 2223 3517 matrimonio
2266 3467 2528 3529 suscipere
2573 3468 2750 3527 posset

1687 3545 1899 3606 Petina‚
1925 3552 1979 3594 et
2003 3550 2148 3595 certe
2185 3543 2430 3607 propiora
2451 3555 2514 3589 ea
2532 3540 2752 3603 pignora

1691 3635 1842 3685 quam
1866 3620 2026 3683 Nero,
2045 3620 2132 3685 qui
2158 3634 2226 3670 ex
2245 3616 2480 3669 Domitio
2501 3614 2749 3666 AEnobar·

1691 3694 1758 3744 bo
1781 3702 1838 3744 et
1851 3695 2142 3759 Agrippina
2161 3695 2385 3759 genitus.
2723 3696 2742 3715 “·

1757 3770 1902 3819 Alios
1924 3770 2113 3819 liberos
2131 3770 2316 3819 habuit
2337 3782 2403 3817 ex
2425 3766 2752 3832 Urgulanilla

1691 3846 1858 3911 prima
1873 3860 2053 3908 uxore,
2073 3859 2262 3909 nempe
2273 3846 2506 3895 Drusum
2525 3850 2582 3892 et
2597 3843 2751 3892 Clau·

1693 3922 1861 3982 dium;
1891 3921 1982 3971 sed
2006 3922 2362 3984 Drususpyro
2401 3920 2753 3983 strangulatus

1693 3997 1870 4061 periit,
1891 4004 1946 4046 et
1968 3995 2236 4047 Claudiam
2257 4010 2322 4043 ex
2347 3996 2538 4045 Botere
2564 3995 2752 4045 liberto

1692 4081 1996 4141 conceptam
2037 4074 2102 4137 ad
2135 4072 2314 4122 matris
2339 4073 2556 4137 januam
2591 4070 2754 4137 abjici

1691 4148 1882 4199 nudam
1895 4148 2073 4214 jussit.
2107 4148 2320 4198 Sueton.
2345 4152 2426 4199 27.

1751 4220 1779 4259 ¹¹
1813 4224 1882 4275 ει
1923 4222 2154 4286 sau-uic
2195 4219 2436 4289 emsa]
2499 4220 2737 4289 Expedi·-
