3200 4934
2458 354 2632 429 1128

422 514 547 579 etsi
590 514 871 596 justum,
902 510 1193 575 dolorem
1220 508 1433 592 pudor
1460 508 1908 593 impediebat.v
1995 508 2360 579 Continuus
2387 500 2622 581 dehinc

422 614 787 679 cohortium
815 613 1083 689 clamor,
1118 616 1138 645 ‘
1168 611 1440 675 nomina
1471 631 1728 675 reorum
1758 618 1825 675 et
1852 612 2113 695 poenas’
2153 613 2622 695 flagitantium:

422 713 857 799 admotusque
886 714 1097 777 Silius
1127 712 1503 791 tribunali,w
1540 732 1670 777 non
1715 713 2175 793 defensionem,
2219 734 2352 777 non
2397 734 2622 781 moras

420 817 717 894 tentavit,
766 821 1104 900 precatuS,
1163 820 1181 848 ‘
1210 820 1287 878 ut
1330 834 1507 878 mors
1555 814 2074 880 acceleraretur!
2161 814 2418 879 Eadem
2467 836 2624 881 oon-

420 918 663 983 stantia
704 924 773 981 et
812 918 1095 981 illustres
1138 914 1415 999 Equites
1446 914 1792 979 Romanos
1821 915 2108 997 cupidos
2135 922 2412 991 maturae
2439 919 2621 981 neeis

418 1018 600 1082 fecit.
687 1018 935 1081 Titium
966 1016 1350 1092 Proculum,
1383 1014 1722 1079 custodem
1763 1034 1805 1078 a
1837 1015 2026 1080 Silio3
2062 1015 2474 1082 Messallinae
2504 1018 2620 1081 da-

416 370 482 427 ).
500 372 569 425 c,
592 372 697 437 aa]
726 374 737 383 ·
1142 364 1553 417 armanum
1605 366 1748 415 mn.
1795 368 1908 417 x1.

416 1200 691 1249 wecuadia
711 1198 939 1260 obstabat,
958 1198 1167 1261 quamvis
1195 1196 1407 1259 legitimo
1440 1196 1606 1246 dolor-i.
1675 1196 1810 1245 Dein
1846 1196 2056 1260 excepit
2089 1196 2364 1257 vociferatio
2398 1200 2620 1252 conum

412 1263 819 1325 pretorianorum,
854 1263 1245 1325 expostulantium
1282 1261 1539 1311 vocabula
1568 1259 1858 1323 noxiorum,
1893 1268 1950 1310 et
1984 1262 2240 1325 supplicia
2260 1279 2274 1323 ;
2308 1264 2620 1327 adductusque

413 1326 565 1376 Silius
583 1330 645 1377 ud
664 1328 890 1387 tribunal,
910 1342 1001 1375 aon
1020 1326 1199 1375 dunen
1216 1328 1379 1387 scelus,
1397 1340 1490 1375 non
1510 1324 1699 1374 trahere
1719 1330 1902 1387 tempus
1915 1331 2108 1375 conatus
2127 1332 2216 1388 est,
2237 1326 2413 1388 immo,
2431 1334 2491 1377 ut
2513 1342 2616 1377 nex

414 1388 765 1453 festinaretur,
782 1392 957 1440 oravit.
1026 1392 1207 1439 Eadem
1226 1390 1377 1439 eir-tu
1392 1390 1624 1452 permovit
1645 1389 1790 1437 etiam
1811 1388 2022 1449 insignes
2056 1391 2232 1453 equites
2253 1391 2394 1440 Rom
2419 1396 2472 1441 at
2505 1408 2616 1456 pm-

408 1469 577 1516 percua
594 1460 789 1505 nonen
808 1460 1045 1518 caperent.
1112 1454 1299 1518 ltaque
1322 1456 1433 1518 rapi
1452 1453 1521 1503 ad
1543 1453 1856 1517 supplicium
1883 1453 2022 1514 jabet
2059 1454 2238 1503 Titium
2259 1456 2512 1505 Pronum
2531 1471 2614 1519 ap·

1337 1584 1630 1605 “moe“
1636 1584 1658 1603 0
1665 1585 1692 1604 O

416 1672 675 1721 Continuus
694 1670 862 1719 dehinc
878 1668 1133 1718 colun-tium
1148 1670 1335 1717 clamor.
1378 1668 1461 1717 Ad
1487 1682 1639 1718 aures
1663 1667 2182 1718 accommodate.’—³
2219 1670 2366 1719 Bene
2386 1670 2614 1721 Pichena

414 1750 479 1785 ex
503 1736 604 1786 Ma.
628 1736 766 1785 Flor.
832 1734 973 1783 Male
996 1733 1049 1783 in
1071 1733 1259 1783 ceteris
1282 1732 1404 1782 Silio
1423 1748 1481 1783 uc
1501 1734 1792 1803 Messeniae
1811 1734 1992 1783 datum.
2057 1733 2278 1784 Brotier.

1398 1900 1613 1953 NOTAE

472 2023 503 2049 v
531 2016 695 2065 Pudor
714 2014 1017 2079 impediebat]
1068 2014 1243 2065 Pudor
1278 2028 1467 2078 nempe

404 2090 591 2156 flagitii
608 2091 1216 2156 domesticiimpediebat,
1228 2105 1294 2141 ne
1311 2104 1469 2157 qnan-

412 2168 600 2218 tumvls
613 2168 809 2230 justum
832 2166 1058 2215 dolorem
1084 2165 1254 2215 verbis
1276 2172 1333 2217 et
1356 2180 1468 2215 ora·

410 2242 553 2291 tione
574 2240 801 2304 longiore
821 2249 1181 2305 expromeret3
1214 2239 1267 2288 id
1302 2240 1379 2290 sic
1412 2246 1469 2289 et

410 2323 548 2367 testae
580 2316 791 2365 Sueton.
820 2317 1003 2367 Claud.
1026 2321 1106 2366 2⁶.
1149 2317 1165 2345 ‘
1189 2316 1467 2367 Confirma-

406 2393 587 2457 vitque
622 2407 717 2457 pro
739 2394 987 2443 concione
1022 2394 1160 2456 apud
1198 2394 1467 2456 proetoria·

408 2482 520 2527 nos,
552 2476 801 2531 quatenus
836 2468 932 2517 sibi
969 2468 1295 2518 matrimonia
1332 2470 1465 2518 male

406 2543 675 2605 cederent,
695 2556 1081 2607 permansurum
1104 2558 1159 2593 se
1182 2544 1233 2593 in
1257 2546 1463 2595 coeliba-

407 2626 465 2667 tu
488 2618 521 2666 :'
548 2618 639 2667 sed
660 2626 717 2668 ut
734 2620 862 2668 levis
882 2620 969 2668 ille
986 2619 1191 2681 ingenio
1206 2620 1257 2669 in
1274 2622 1463 2671 ceteris

406 2690 581 2754 rebus,
603 2693 675 2742 ita
694 2694 747 2742 in
766 2694 1113 2743 matrimoniis.

469 2773 504 2799 v
532 2768 852 2831 Admotasque
868 2768 1019 2817 Silius
1037 2770 1290 2833 tribunali]
1323 2772 1463 2821 Puto

400 2841 457 2891 in
478 2842 604 2905 ipsis
626 2844 853 2904 Castris;
886 2858 1005 2892 nam
1028 2845 1097 2894 ibi
1122 2842 1221 2895 fuit
1241 2846 1462 2895 tribunal

402 2925 732 2989 perpetuum,
754 2934 855 2981 quo
891 2920 1059 2982 imago
1092 2933 1249 2970 aurea
1277 2922 1467 2983 princi-

402 2994 486 3057 pis
509 2993 563 3039 in
586 2993 715 3041 sella
736 2994 920 3054 curuli,
940 3000 1028 3044 aut
1060 3008 1163 3058 quo
1195 2996 1303 3057 ipse
1327 2994 1463 3059 prin·

402 3082 530 3132 ceps
586 3068 935 3131 alloqueretur
989 3068 1341 3130 praetorianos,
1406 3076 1463 3119 et

401 3143 541 3208 qnod
566 3156 716 3191 nemo
740 3142 867 3190 alius
894 3142 1217 3206 escenderet,
1232 3144 1343 3193 sine
1365 3144 1463 3193 cri·

402 3218 543 3267 mine
566 3219 863 3281 majestatis,
884 3218 983 3267 nisi
1000 3216 1235 3279 forte,ut
1250 3219 1463 3269 seditio·

402 3306 523 3344 nem
545 3294 763 3357 aliquam
782 3298 1156 3357 conpesceret.

469 3369 621 3420 Quod
642 3376 807 3417 tamen
824 3370 1009 3425 etalio
1020 3370 1133 3419 loco
1150 3376 1205 3420 et
1222 3370 1323 3419 alio
1341 3386 1456 3433 sug-

388 3444 391 3448 ’
400 3450 551 3509 gestu
587 3445 760 3508 potuit
796 3445 1051 3505 tribunus,
1074 3446 1161 3509 qui
1195 3446 1453 3495 vesaniam

400 3520 673 3571 militarem
696 3520 987 3582 coerceret,
1018 3528 1073 3570 et
1096 3523 1287 3571 animos
1310 3522 1457 3571 seda-

400 3604 517 3645 ret:
552 3597 687 3661 quod
723 3596 943 3658 contigit
970 3605 1087 3659 post
1110 3604 1325 3647 mortem
1348 3600 1454 3647 Ne-

400 3670 560 3735 ronis,
580 3672 701 3720 dum
722 3670 1029 3721 adventaret
1050 3670 1221 3721 Galba
1242 3687 1308 3721 ex
1336 3672 1457 3721 His·-

404 3746 575 3810 panis,
596 3748 907 3810 Nymphidio
928 3749 1229 3797 rebellante.

472 3818 735 3885 ffibunali]
766 3822 940 3884 Forte,
954 3822 1182 3873 tribunali
1200 3825 1457 3887 praetoris,

404 3896 489 3945 cul
512 3910 575 3945 ea
596 3897 811 3959 queastio
832 3898 1003 3959 gravis
1036 3904 1093 3947 et
1124 3899 1301 3962 iugens
1338 3912 1454 3947 eve·

402 3977 573 4021 nent.
616 3973 735 4021 Non
758 3975 912 4036 enim,
932 3981 1079 4037 puto,
1092 3976 1267 4024 Caesar
1288 3976 1341 4024 in
1362 3974 1463 4025 tali·

402 4060 560 4096 eausa
579 4061 671 4096 sua
686 4048 871 4109 judex.
937 4049 1007 4098 At
1029 4050 1071 4098 si
1094 4049 1359 4101 damnatus
1374 4056 1455 4099 est

400 4122 559 4172 Silius
597 4122 651 4171 in
689 4124 901 4188 Castris,
923 4125 997 4173 sie
1020 4123 1172 4190 forte,
1192 4128 1315 4191 quia
1335 4140 1451 4177 reus

394 4200 537 4251 λειω
558 4199 865 4265 majestatis,
884 4207 940 4251 et
959 4201 1078 4265 quia
1098 4215 1183 4253 res
1217 4202 1453 4267 urgebat,

1550 2020 1608 2064 et
1630 2012 1880 2078 agebatur
1897 2015 2031 2063 salus
2049 2013 2296 2077 principis
2315 2021 2371 2065 et
2386 2016 2608 2081 Reipub-

1548 2088 1624 2137 sic
1643 2087 1780 2139 forte
1803 2089 2070 2139 damnatus
2093 2096 2234 2138 esset
2253 2104 2284 2138 a
2299 2090 2514 2140 Claudio
2533 2092 2609 2156 ip-

1546 2177 1608 2213 so
1651 2178 1768 2213 cum
1813 2162 2169 2224 assessoribus,
2208 2168 2264 2212 et
2303 2162 2444 2214 forte
2483 2165 2610 2229 ipsis

1548 2235 1810 2302 praefectis
1844 2238 2076 2301 praetorii
2113 2244 2170 2288 et
2207 2238 2426 2289 tribunis
2461 2248 2610 2293 extra

1546 2317 1795 2379 ordinem,
1819 2324 1878 2367 nt
1897 2318 1948 2365 in
1973 2330 2030 2364 re
2051 2316 2370 2380 gravissima.

1611 2392 1882 2455 Tn'buauli}
1927 2392 2164 2441 Formam
2203 2392 2478 2443 tribunalis
2516 2394 2606 2445 de·

1544 2469 1756 2532 scripsit
1772 2468 2041 2519 Vitruvius
2063 2468 2094 2517 Ι.
2109 2482 2167 2519 v.
2183 2467 2271 2517 ubi
2295 2467 2360 2519 de
2382 2469 2607 2520 Basilica

1543 2544 1577 2596 J
1584 2543 1706 2605 ulia,
1725 2543 1778 2592 in
1803 2557 1902 2607 qua
1919 2542 2020 2592 fuit
2041 2542 2179 2592 aedes
2201 2540 2420 2605 Augusti
2441 2548 2498 2593 et
2513 2544 2608 2613 tri-

1546 2618 1718 2669 bunal.
1780 2618 1952 2667 Verba
1975 2618 2090 2681 ejus
2111 2618 2222 2667 haec
2239 2625 2394 2668 sunt:
2429 2620 2445 2647 ‘
2466 2619 2604 2669 Item

1544 2692 1770 2742 tribunal
1806 2699 1886 2742 est
1923 2692 1976 2741 in
2013 2706 2076 2741 ea
2110 2692 2241 2755 aede,
2279 2694 2604 2758 Hemicyclio

1538 2768 1825 2818 Schematis
1862 2767 2068 2817 minoris
2107 2774 2382 2817 curvatura
2419 2768 2604 2820 forma·

1545 2852 1670 2891 tum.
1728 2843 1852 2905 Ejus
1871 2848 2044 2889 autem
2067 2841 2376 2903 Hemicyclii
2397 2844 2448 2891 in
2466 2842 2608 2895 fron·

1545 2927 1599 2968 te
1621 2924 1702 2967 est
1739 2916 2062 2967 intervallum
2085 2917 2246 2980 pedes
2267 2931 2358 2965 sex
2391 2924 2448 2969 et
2481 2934 2604 2984 qua-

1542 2992 1810 3056 draginta3
1845 2992 2089 3041 introrsus
2127 2998 2402 3043 curvatura
2440 2997 2600 3059 pedes

1540 3066 1862 3132 quindenium
1897 3072 1956 3115 ut
1976 3066 2064 3131 qui
2084 3067 2224 3131 apud
2265 3070 2599 3133 magistratus

1538 3150 1742 3194 starent
1761 3143 2084 3208 negotiantes
2105 3144 2160 3193 in
2177 3143 2390 3196 basilica
2411 3161 2476 3197 ne
2509 3148 2600 3199 lm·

1538 3218 1810 3282 peditent!
2243 3258 2249 3265 .

1602 3294 1802 3347 Quibus
1819 3294 1991 3345 verbis
2019 3294 2292 3345 Vitruvius
2320 3295 2596 3361 significat,

1534 3368 1748 3417 sormam
1787 3370 1922 3419 illius
1958 3370 2230 3420 tribunalis
2251 3384 2352 3419 non
2375 3371 2598 3421 semicir-

1536 3444 1762 3493 cularem
1799 3444 1980 3507 fuisse,
1999 3445 2092 3493 sed
2126 3453 2410 3496 arcuatam.
2475 3446 2594 3497 Non

1536 3522 1672 3571 enim
1702 3521 1835 3585 justi
1875 3520 2118 3584 ambitus,
2145 3520 2388 3585 plenique
2425 3525 2596 3575 centri

1538 3595 1882 3660 Hemicylium
1913 3596 2042 3645 illud
2064 3593 2244 3659 fuisse,
2267 3596 2360 3646 sed
2391 3596 2470 3647 ita
2487 3612 2596 3649 mo·

1536 3672 1783 3731 dulatum,
1805 3677 1865 3722 ut
1887 3672 1940 3720 in
1963 3670 2154 3735 fronte,
2185 3672 2262 3737 (id
2283 3677 2385 3736 est,
2405 3678 2466 3723 ut
2485 3686 2592 3723 na-

1536 3748 1802 3798 tltematici
1837 3746 2044 3812 dieunt)
2091 3748 2143 3797 in
2177 3750 2370 3799 chorda
2407 3764 2498 3799 sex
2533 3756 2594 3801 et

1535 3824 1876 3888 quadraginta
1915 3824 2112 3887 pedes;
2156 3824 2406 3885 introrsus
2445 3838 2589 3889 vero,

1534 3900 1589 3949 id
1614 3907 1716 3963 est,
1747 3901 1800 3949 in
1830 3900 1965 3949 linea
1999 3900 2436 3965 perpendiculari,
2468 3910 2604 3965 quae·

1531 3977 1675 4039 quasi
1701 3976 1896 4039 sagitta
1926 3984 2008 4026 est
2038 3976 2090 4025 iu
2123 3990 2266 4039 arcu,
2289 3975 2588 4042 quindecim

1530 4052 1692 4113 pedes
1720 4056 1943 4114 pateret.
2430 4070 2438 4075 ·

1592 4128 1648 4175 Si
1685 4128 1820 4176 enim
1848 4128 2050 4191 justum
2081 4128 2395 4191 plenumque
2411 4124 2606 4174 Remi-¹

1529 4201 1753 4264 cyolium
1787 4200 1990 4267 fuisset,
2009 4200 2146 4250 linea
2165 4199 2282 4249 hee
2313 4200 2584 4265 perpendi·
