3200 4934
383 422 441 479 3.
465 424 530 479 Β.
551 416 666 489 ω]
709 474 718 485 ,

1080 420 1493 474 armanum
1541 424 1688 479 un.
1736 422 1911 475 xm.

2422 412 2597 481 1445

382 567 521 633 late
551 562 1034 652 (quaesivisset.¹
1119 566 1348 634 Pestis
1379 568 1669 635 Saturno
1694 570 1985 651 diebuas,y
2011 572 2179 638 inter
2202 572 2338 638 alia
2364 594 2597 660 aequa-

381 668 550 735 lium
592 668 894 747 ludicra,⁸
942 667 1276 755 Ῑῖθςιιιιῑιι3
1322 671 1477 735 lusu
1503 672 1967 752 sortientium:
2012 680 2319 741 evenerat
2342 695 2423 740 ea
2447 696 2593 744 sors

384 860 506 909 tiens
535 860 588 909 in
607 862 778 923 vulgar
807 859 1060 923 plurim
1092 858 1192 909 sibi
1225 861 1506 922 parm.
1571 861 1733 911 Fastis
1764 861 2091 913 Sumam
2124 864 2307 926 diebu,
2342 865 2472 915 inter
2494 866 2596 917 «llo

385 924 722 975 oblectamenta
751 929 1110 988 mmm-m,
1130 924 1430 974 animuum
1448 926 1554 974 hado
1569 926 1906 992 fineipatm,
1933 928 2171 991 obtigerat
2192 944 2248 979 ea
2268 944 2371 979 sors
2392 926 2593 981 Nero-3.

1309 1069 1665 1091 “COMOOOOO

381 1178 583 1243 Mem-a,
605 1178 770 1229 Rom
788 1193 984 1241 regam
1003 1180 1112 1229 tudo
1129 1178 1445 1229 nomam.
1513 1142 1651 1231 mor.
1674 1181 1858 1231 inam
1878 1182 1949 1233 ιι.
1970 1196 2169 1277 νςςιωι
2189 1184 2223 1233 ι.
2243 1197 2285 1233 ε.
2352 1182 2487 1250 aeg.
2518 1185 2597 1235 τι.

1383 1342 1596 1394 NOTAE

449 1479 476 1506 ⁸
509 1474 736 1524 Pavorem
765 1476 860 1525 late
880 1476 1188 1540 μούνωσε]
1240 1474 1449 1540 Nempe

383 1562 446 1599 ea
475 1564 556 1599 res
595 1550 648 1599 iu
689 1550 874 1615 vulgus
910 1552 1190 1615 emanavit,
1228 1558 1288 1601 ut
1323 1552 1448 1616 quid

383 1625 658 1688 eximium;
711 1629 834 1693 quia
885 1628 939 1678 in
992 1635 1116 1679 acta
1157 1628 1446 1693 principum

383 1702 535 1752 avide
559 1703 856 1767 inquiritur,
875 1710 930 1753 et
950 1702 1089 1753 fama
1111 1704 1306 1754 crescit
1323 1718 1446 1752 eun-

383 1774 469 1824 do.
537 1778 610 1826 Et
652 1792 714 1826 eo
750 1779 916 1843 major
951 1776 1101 1827 favor
1137 1776 1446 1839 Britannici,

382 1867 487 1919 quo
509 1854 670 1919 magis
701 1854 1003 1919 imperitans
1036 1854 1181 1905 Nero
1204 1868 1301 1917 per
1335 1868 1445 1903 sce·

381 1930 460 1977 lus
484 1926 603 1979 odio
625 1928 742 1980 fuit.
1185 1982 1196 1995 ,

447 2006 523 2055 Eo
547 2006 700 2057 latius
739 2022 918 2073 sparsa
947 2008 1102 2071 fama,
1137 2006 1272 2073 quod
1303 2008 1444 2056 inno-

383 2082 575 2145 centia,
596 2083 888 2145 nobilitate,
922 2090 978 2132 et
1013 2080 1256 2145 periculis
1285 2082 1448 2145 magis

382 2158 768 2209 commendatus
791 2165 872 2207 est
894 2158 1243 2209 Britannicus.
1289 2158 1449 2206 Fama

381 2233 540 2283 etiam
563 2249 684 2283 mox
713 2250 780 2283 ex
814 2236 1044 2298 pernicie
1085 2234 1357 2293 immerita,
1391 2240 1448 2283 et

383 2324 450 2360 ex
477 2310 690 2359 crimine
716 2311 957 2360 Neronis.

401 2450 406 2453 Ι
447 2393 471 2428 5
502 2386 660 2437 Fertis
680 2386 887 2437 Saturno
907 2384 1094 2449 diebus]
1148 2384 1447 2436 Saturnalia

381 2465 455 2515 sic
481 2460 670 2517 dictaa
691 2464 932 2527 Saturno,
974 2464 1092 2527 quod
1125 2478 1178 2512 eo
1211 2460 1445 2521 dieser-ia·

381 2540 498 2603 qius,
520 2530 668 2589 testis
685 2541 871 2589 Varro.

447 2614 730 2665 celebrata
761 2613 974 2664 fuerunt
1008 2612 1303 2664 Saturnalia
1323 2619 1444 2662 ante

384 2692 602 2741 Romam
644 2688 925 2751 conditam,
965 2688 1021 2737 in
1065 2688 1239 2752 Italia,
1295 2694 1352 2737 et
1393 2690 1446 2737 in

385 2768 612 2819 Graecia.
676 2766 1032 2818 Saturnalibus
1066 2764 1251 2814 crebra
1273 2766 1447 2814 couvi-

380 2846 466 2895 via
489 2844 773 2909 agitabant,
807 2842 1190 2906 mittebantque
1223 2840 1446 2891 invicem

381 2936 615 2983 munera,
637 2936 754 2986 quae
777 2919 1072 2969 Saturnalia
1096 2918 1444 2979 dicebantur;

385 3006 494 3049 tum
529 2998 688 3048 etiam
734 3009 934 3057 cereos,
985 2992 1122 3059 quod
1166 2994 1444 3043 Saturnum

381 3074 655 3123 lumluibus
695 3072 924 3123 accensis
970 3072 1240 3120 colerent:
1299 3070 1446 3136 quasi

382 3150 756 3215 significarent,
810 3150 1028 3198 Saturno
1080 3146 1334 3211 principe,
1389 3161 1446 3197 se

382 3229 532 3277 velut
572 3226 638 3277 ad
657 3228 826 3276 lucem
863 3231 918 3275 et
940 3226 1102 3273 bonas
1125 3229 1261 3273 artes
1283 3230 1448 3273 trans-

381 3306 518 3354 latos
536 3318 670 3353 esse.
724 3304 910 3352 Servos
930 3316 1047 3350 suos
1065 3300 1312 3349 conviviis
1336 3300 1446 3365 opi-

382 3380 522 3444 paris
544 3378 900 3442 excipiebant,
943 3382 997 3425 et
1019 3375 1114 3439 ipsi
1139 3374 1332 3424 domini
1353 3375 1445 3424 mi-

379 3456 684 3507 nisti-abant.

447 3532 681 3581 Primum
732 3528 1030 3580 Saturnalia
1068 3527 1334 3577 celebrata
1377 3525 1445 3577 ad

384 3620 500 3656 xiv.
525 3606 646 3655 Kal.
685 3606 806 3658 Jan.
845 3610 1004 3669 atque
1037 3618 1137 3654 uno
1171 3604 1257 3655 die
1280 3604 1446 3655 absol-

383 3681 654 3731 vebantur.
743 3680 1026 3745 Postquam
1073 3680 1131 3731 C.
1169 3680 1346 3729 Caesar
1389 3680 1444 3729 in

381 3758 504 3807 anni
540 3756 922 3817 emendatione,
953 3757 1073 3805 huic
1111 3756 1274 3807 mensi
1315 3756 1444 3807 duos

382 3836 496 3886 dies
533 3832 752 3895 addidit,
785 3832 1051 3883 celebrata
1072 3842 1195 3884 sunt
1217 3834 1282 3885 ad
1325 3846 1442 3885 xvi.

381 3910 504 3961 Kal.
527 3908 648 3960 Jan.

450 3984 592 4035 Hinc
611 3982 824 4046 factum,
860 3989 920 4033 ut
950 3998 1066 4035 cum
1087 3986 1268 4049 vulgus
1301 3984 1442 4051 igno-

387 4068 528 4113 raret
576 4068 776 4109 certum
828 4059 1234 4111 Saturnaliorum
1287 4062 1444 4122 diem,

383 4136 716 4201 nonnullique
733 4150 764 4184 a
785 4141 1020 4198 tempore
1045 4134 1261 4185 cesaris
1277 4136 1442 4185 incer·

385 4225 440 4266 to
476 4215 580 4277 die,
612 4220 667 4263 et
710 4212 797 4262 alii
832 4210 998 4261 veteri
1033 4224 1176 4261 more
1213 4211 1442 4263 celebra-

385 4298 522 4355 rent,
563 4292 734 4357 plures
772 4288 886 4339 dies
907 4286 1188 4339 Saturnalia
1217 4288 1443 4340 nomina-

1529 1480 1725 1537 rentur,
1772 1481 1827 1526 et
1850 1474 2115 1539 Augustus
2149 1474 2201 1524 in
2224 1474 2425 1539 legibus
2452 1474 2595 1539 judi·

1528 1552 1698 1603 ciariis
1720 1552 1893 1602 triduo
1914 1566 2003 1601 eas
2024 1550 2181 1601 ferias
2202 1552 2396 1600 servari
2410 1551 2593 1616 jussit.

1591 1635 1612 1659 ²
1645 1628 1782 1677 Inter
1800 1628 1898 1675 olio
1915 1626 2165 1690 equalium
2185 1626 2391 1689 ludicra]
2426 1628 2597 1677 luter·

1527 1708 1705 1767 pretes
1730 1703 1795 1753 ad
1818 1703 2213 1752 illustrationem
2234 1703 2333 1752 loci
2351 1700 2597 1767 afferunt,

1527 1794 1641 1842 quae
1664 1778 1853 1829 Pollux
1881 1778 2066 1828 scribit
2102 1780 2137 1829 1.
2162 1792 2241 1829 ix.
2277 1780 2292 1807 ‘
2316 1778 2593 1843 Regnum,'

1526 1856 1711 1921 inquit,
1742 1854 1759 1883 ‘
1781 1864 1881 1919 est,
1932 1870 2048 1906 cum
2085 1864 2355 1921 postquam
2394 1863 2591 1907 sortem

1528 1937 1755 1993 traxere,
1776 1946 1868 1979 rex
1902 1932 2147 1996 imperat,
2186 1930 2309 1996 quid
2332 1930 2591 1997 agendum

1526 2007 1627 2068 sit3
1677 2007 1913 2058 minister
1952 2024 2078 2059 vero
2120 2024 2213 2058 seu
2266 2024 2464 2069 servus,
2507 2008 2593 2059 cui

1527 2096 1715 2146 nempe
1754 2100 1817 2132 ea
1850 2098 1957 2133 sors
1994 2084 2189 2145 evenit,
2222 2083 2409 2148 ubique
2432 2084 2592 2133 inser-

1527 2158 1607 2207 vit
1626 2172 1686 2207 ae
1708 2159 1943 2208 laborat!

1591 2234 1761 2299 Magis
1782 2234 1911 2285 facit
1933 2235 2139 2286 Arriani
2174 2237 2317 2288 locus
2340 2236 2374 2286 l.
2406 2250 2445 2287 ι.
2469 2236 2593 2287 Dis·

1524 2310 1865 2360 sartationum
1904 2312 2167 2376 Epicteti:
2200 2313 2215 2340 ‘
2239 2312 2591 2361 Saturnalium

1523 2385 1703 2436 diebus
1726 2401 1816 2436 rex
1840 2387 2083 2452 eligitur3
2118 2388 2264 2437 lubet
2287 2388 2423 2439 enim
2446 2387 2593 2438 lude-

1523 2478 1578 2512 re
1600 2464 1738 2513 bunc
1758 2466 1943 2515 lusum.
2012 2465 2065 2514 ls
2088 2465 2341 2527 imperat:
2367 2470 2425 2513 tu
2449 2462 2593 2527 bibe,

1524 2546 1580 2587 tu
1604 2539 1781 2599 misce,
1811 2546 1867 2588 tu
1891 2540 2115 2603 expelle,
2146 2548 2203 2588 tu
2226 2540 2334 2603 abi,
2373 2547 2431 2589 tu
2454 2541 2590 2590 veni.

1525 2614 1716 2673 Pareo,
1738 2630 1803 2663 ne
1826 2628 1939 2663 mea
1959 2631 2111 2664 causa
2128 2616 2358 2665 solvatur
2380 2614 2569 2667 ludus?

1585 2688 1655 2736 Et
1672 2688 1891 2737 maxime
1910 2691 2125 2739 Luciam
2142 2692 2195 2740 iu
2215 2692 2591 2745 Saturnalibus.

1525 2763 1756 2827 ‘Vides,'
1796 2762 2007 2829 (inquit,
2047 2765 2186 2829 apud
2220 2767 2460 2817 Graecum
2496 2768 2590 2819 Sa-

1528 2843 1709 2888 turnus
1764 2838 2099 2903 magnificans
2142 2855 2286 2890 suum
2328 2842 2587 2909 regnum)

1523 2914 1540 2942 ‘
1557 2921 1805 2979 quantum
1832 2912 2019 2981 bonum
2037 2915 2122 2979 sit,
2143 2930 2318 2979 regem
2335 2916 2475 2967 inter
2488 2933 2593 2969 om·

1523 3004 1615 3039 nes
1639 2989 1779 3054 eligi,
1798 2990 1842 3040 si
1866 2990 2049 3041 viceris
2072 2992 2196 3043 talo.
2248 2992 2379 3043 Cum
2417 3009 2589 3061 neque

1526 3067 1791 3132 quisquam
1833 3066 1929 3117 tibi
1962 3067 2237 3118 ridiculum
2266 3069 2463 3136 aliquid
2499 3072 2591 3122 im·

1525 3149 1697 3207 peret,
1738 3150 1794 3193 et
1838 3150 1894 3194 tu
1936 3144 2191 3209 imperare
2234 3146 2348 3195 aliis
2392 3148 2554 3211 possis
2574 3166 2603 3209 z,

1524 3220 1662 3283 huic,
1682 3227 1743 3270 ut
1765 3227 1919 3287 turpe
1949 3222 2142 3287 aliquid
2164 3221 2231 3272 de
2260 3223 2429 3288 seipso
2450 3224 2590 3275 voci·

1526 3294 1745 3361 feretur,
1784 3299 1879 3361 illi,
1926 3304 1985 3347 nt
2020 3292 2178 3347 saltet
2209 3298 2393 3361 nudus,
2428 3305 2607 3365 utque,

1527 3374 1733 3423 sublata
1766 3375 1817 3422 in
1846 3374 2085 3423 humeros
2120 3373 2339 3426 tibicina
2378 3382 2459 3427 ter
2498 3376 2590 3428 do·

1524 3462 1663 3497 mum
1688 3448 2004 3498 circumeat.'
2035 3448 2239 3511 Lipsius.

1589 3528 1613 3556 ⁸
1646 3524 1865 3584 Regnum
1885 3523 1989 3571 lusu
2010 3522 2331 3588 sortientium]
2364 3524 2442 3575 Eo
2460 3525 2589 3591 ritu,

1524 3612 1627 3663 quo
1649 3612 1807 3661 regna
1829 3597 2195 3660 conviviorum,
2228 3599 2281 3649 id
2321 3608 2421 3665 est,
2457 3604 2584 3656 talo.

1523 3678 1606 3725 Ex
1645 3674 1860 3724 Luciani
1884 3689 2042 3739 supra
2073 3675 2261 3726 verbis.
2328 3678 2589 3730 Florenti-

1520 3768 1617 3803 nus
1634 3754 1789 3803 etiam
1811 3752 2007 3803 codex:
2043 3754 2223 3803 ludicro
2258 3756 2322 3805 R.
2358 3772 2611 3822 regnante,

1523 3830 1659 3896 quod
1682 3830 1836 3893 valet,
1862 3830 2140 3879 Romanam.
2175 3830 2399 3895 Lipsius.

1589 3906 1809 3969 Regnum
1866 3908 1971 3955 lusu
2026 3906 2353 3971 sortientium]
2418 3908 2590 3961 Julius

1523 3983 1736 4047 Pollux,
1759 3982 2029 4033 Onomast.
2063 3998 2218 4045 nono,
2250 3984 2412 4032 lusum
2430 3980 2601 4047 quen-'

1524 4059 1643 4109 dam
1665 4058 1916 4108 describit
1950 4060 2037 4123 qui
2073 4058 2327 4107 Βασιλίνδα
2366 4058 2587 4125 dicatur,

1521 4152 1642 4187 cum
1663 4137 1825 4185 ducta
1856 4142 2017 4197 sorte,
2037 4136 2219 4200 aliquis
2241 4134 2301 4183 fit
2318 4150 2429 4198 rex,
2452 4144 2511 4187 et
2538 4136 2585 4187 is

1521 4210 1790 4275 quidpiam
1845 4210 2056 4260 difficile
2100 4209 2354 4274 ministro,
2395 4213 2475 4263 cui
2519 4228 2586 4270 ea

1523 4298 1635 4337 sora
1665 4286 1863 4349 pariter
1883 4284 2149 4350 obtigerit,
2186 4284 2427 4349 imperat.
2462 4280 2579 4340 '‘De
