3200 4934
442 408 499 466 J:
522 412 583 463 C.
602 408 707 475 48]

1148 401 1557 456 Ani-mmm!
1607 408 1756 459 mn.
1803 408 1914 459 11.

2497 218 2524 241 θ

2418 390 2426 399 ’
2465 391 2636 464 1131

1440 566 1652 619 NOTAE

439 662 696 727 spii-areu
730 660 821 710 sed
858 672 958 709 non
996 666 1145 711 erant
1167 660 1391 727 Augusti
1415 664 1497 713 vel

439 737 713 805 principis;
763 736 991 801 quamvis
1026 736 1187 800 ipsius
1230 738 1368 789 forte
1408 753 1497 790 an-

438 814 559 863 nulo
608 812 889 875 obsignatas
932 818 1139 863 essent:
1193 813 1285 863 sed
1334 814 1495 877 ipsius

434 888 697 949 Sallustii3
732 894 965 937 attamen
1002 887 1203 937 nomine
1245 888 1495 953 principis

431 964 639 1027 scripte
654 964 979 1028 erant3'quod
994 964 1113 1013 binc
1124 964 1299 1029 colligi
1314 965 1493 1029 possit.

500 1040 635 1092 Quia
652 1040 803 1089 Livia
821 1040 1023 1101 morbo,
1036 1047 1128 1090 aut
1144 1041 1303 1091 etiam
1326 1048 1493 1091 morte

430 1114 655 1180 Augusti
678 1116 903 1165 nondum
926 1116 1151 1179 vulgata,
1178 1116 1291 1179 jam
1312 1132 1493 1167 secura

434 1198 551 1242 erat
594 1192 814 1255 imperii,
853 1194 969 1255 jam
1014 1192 1307 1255 imperabat
1360 1194 1491 1256 ipsa,

422 1270 535 1334 jam
558 1284 736 1319 secura
760 1270 969 1319 sceleris
994 1276 1047 1318 et
1072 1270 1341 1333 vindicte,
1365 1270 1490 1320 talia

432 1344 758 1394 moliebatur.

500 1420 569 1469 Et
591 1420 808 1468 maxime
830 1420 1093 1470 metuebat
1136 1420 1250 1484 ipsa
1271 1421 1491 1469 Postliu·

432 1510 590 1557 mum,
614 1502 671 1543 nt
692 1494 953 1543 vindicem
980 1496 1122 1544 exilii
1145 1497 1243 1557 sui,
1266 1502 1321 1546 et
1344 1496 1493 1545 exitii

428 1572 668 1635 fratrum,
690 1572 866 1621 matris
898 1572 1077 1635 etiam,
1116 1579 1171 1622 et
1195 1574 1380 1622 sororis
1400 1574 1492 1623 Ju-

430 1648 532 1709 liae,
571 1662 701 1711 quos
740 1644 996 1695 afflixerat
1039 1648 1187 1697 Livia
1230 1648 1491 1698 novercali

428 1722 565 1772 odio.
636 1723 797 1771 Patet
838 1736 901 1771 ex
942 1722 1127 1785 Dione,
1168 1723 1305 1787 apud
1336 1736 1489 1787 quem

426 1800 591 1849 multa
632 1798 864 1861 objectat
911 1799 1057 1847 Livia
1096 1798 1198 1861 ipsi
1231 1796 1487 1863 Augusto,

428 1875 564 1939 quod
606 1874 771 1923 adbuc
811 1880 1010 1923 amaret
1054 1872 1213 1922 filium
1266 1873 1486 1923 Postha-

427 1964 583 2013 mum,
606 1966 825 2015 eumque
865 1963 1107 1999 revocare
1130 1950 1181 1998 in
1206 1950 1374 2014 regios
1396 1966 1485 2015 pe-

426 2036 577 2079 nates
603 2030 773 2078 vellet.

491 2103 568 2154 At
597 2104 709 2152 aliae
733 2104 921 2164 caedes,
941 2120 1052 2169 quae
1076 2118 1195 2153 mox
1218 2104 1484 2167 imperatae

426 2186 567 2241 sunt,
628 2186 687 2228 ut
732 2180 1032 2240 arcuatum,
1096 2179 1197 2228 sub
1250 2178 1484 2228 Claudio.

430 2255 704 2304 Narcissus
720 2254 971 2304 facilitate
990 2256 1253 2319 principis,
1276 2264 1333 2304 ut
1354 2255 1483 2304 sole-

429 2331 538 2393 bat,
557 2330 794 2392 abutens,
813 2330 931 2395 qnia
948 2331 1010 2379 ad
1032 2330 1169 2379 illum
1193 2330 1327 2378 diem
1345 2330 1485 2380 Ρη·

424 2405 681 2456 secturam
705 2406 937 2470 praetorii
961 2410 1260 2467 acceperat,
1283 2404 1481 2455 caedem

424 2482 704 2532 demandat
744 2482 990 2544 Tribun0,
1046 2488 1155 2531 tum
1199 2481 1483 2531 excubanti

424 2558 491 2607 ad
518 2558 695 2621 palatii
734 2556 891 2616 fores,
915 2564 969 2605 et
1008 2556 1170 2607 verbo
1194 2564 1359 2621 tenus,
1382 2572 1483 2606 non

425 2634 623 2696 scripto
660 2641 751 2682 aut
792 2633 979 2682 annulo
1002 2632 1252 2693 obsignat,
1274 2632 1365 2681 sed
1407 2642 1483 2683 τι

422 2724 538 2759 men
559 2710 899 2774 praesentibus
922 2708 1322 2769 centurionibus,
1356 2722 1483 2773 quos

424 2788 489 2837 ad
511 2786 643 2836 idem
666 2783 1000 2846 immittebat,
1023 2790 1079 2833 et
1104 2784 1268 2832 Evado
1293 2784 1482 2833 liberto

420 2862 609 2925 aulico,
628 2866 845 2911 exactore
864 2860 1063 2909 addito.

487 2938 641 2989 Quod
667 2934 1018 2985 testimonium
1060 2930 1351 2982 sufficiebat
1370 2932 1486 2980 Tri-

420 3014 563 3066 buno
586 3011 813 3075 patranti
836 3010 1031 3059 caedem
1056 3008 1371 3058 lascivientis
1393 3008 1483 3057 foe-

419 3088 593 3147 minae,
615 3092 673 3135 et
704 3084 797 3133 sub
822 3084 915 3132 tali
942 3082 1197 3147 principe,
1220 3090 1274 3132 et
1296 3090 1483 3133 senatu

413 3178 485 3213 eo
507 3175 616 3211 aevo
638 3160 703 3209 de
744 3174 801 3207 se
842 3158 1068 3220 solicito,
1111 3172 1209 3208 nec
1250 3160 1371 3208 talia
1392 3160 1479 3208 ad-

421 3236 627 3287 modum
650 3234 960 3299 inquirente.

487 3310 647 3375 Apud
660 3310 1013 3359 Herodianum
1024 3308 1327 3360 Plautianus
1342 3324 1481 3360 man·

421 3388 515 3437 dat
546 3384 741 3435 caedem
764 3384 988 3432 Tribuno
1027 3386 1356 3448 praetoriano‚
1386 3385 1477 3434 sed

420 3462 655 3527 privatus
689 3459 819 3523 ipse,
862 3472 961 3507 nec
990 3460 1189 3509 nornine
1212 3460 1476 3524 principis,

420 3536 573 3585 immo
612 3534 860 3584 adversus
900 3534 1207 3596 principem.
1272 3534 1477 3584 Idcirco

418 3612 668 3662 Tribunus
707 3612 907 3674 scripta
950 3609 1190 3658 mandata
1221 3612 1372 3673 petit,
1392 3614 1476 3661 vel

422 3688 631 3753 proprio
647 3694 781 3743 astu.
796 3694 853 3735 nt
868 3687 1193 3735 mandantem
1208 3686 1478 3735 convince-

422 3770 521 3825 ret,
538 3770 593 3812 et
608 3764 681 3812 sic
698 3762 1048 3824 obstringeret
1065 3761 1165 3809 sibi
1182 3760 1441 3809 Caesarem
1460 3778 1474 3822 ς

423 3842 507 3891 vel
529 3842 602 3891 sic
626 3842 906 3907 principem
929 3840 1227 3890 vindicante·
1250 3840 1477 3903 numine,

422 3925 478 3968 et
500 3926 698 3969 suamet
729 3917 910 3967 fraude
942 3932 997 3965 se
1020 3915 1317 3979 implicante
1336 3914 1477 3965 dam-

422 4001 683 4057 nanteque
702 3992 905 4040 bomine
932 3992 1164 4055 pessimo.

488 4067 737 4117 callidior
754 4066 1005 4129 Tiberius,
1025 4069 1152 4116 alias
1184 4074 1325 4115 artes
1364 4066 1475 4115 tali-

421 4142 519 4191 bus
542 4139 765 4190 cedibus
790 4143 1147 4206 perpetrandis
1191 4142 1474 4192 adinvenit.

422 4218 565 4272 Nam‘
578 4216 939 4269 Germanicam
970 4232 1129 4283 opera
1150 4218 1248 4269 Cn.
1270 4214 1476 4267 Pisonis

1577 664 1722 713 lento
1753 676 1954 714 veneno
1989 662 2224 727 illigavit,
2265 678 2326 713 ac
2365 664 2634 716 interemit

1579 738 1920 803 Agrippinam
1937 754 2152 789 uxorem
2168 739 2322 801 illius,
2339 746 2392 789 et
2412 740 2635 791 Drusum

1578 813 1812 877 ejusdem
1853 814 2034 877 filium,
2067 815 2314 865 alimenta
2335 816 2635 867 subtraben-

1554 890 1679 959 ·do;
1713 892 1858 955 quasi
1895 892 1998 955 ipsi
2033 889 2164 953 sato,
2184 900 2274 941 aut
2305 893 2440 941 ultro
2461 893 2635 944 inedia

1572 966 1702 1015 mori
1725 966 2006 1017 voluissent
2025 982 2040 1027 ς
2061 974 2114 1016 et
2139 967 2398 1016 Neronem
2421 966 2638 1017 Germa-

1570 1041 1678 1091 nici
1699 1041 2100 1091 vetustissimum
2123 1040 2282 1091 fllium
2305 1050 2448 1092 metu
2469 1044 2636 1093 carni·

1570 1116 1686 1167 ficis
1704 1124 1762 1168 et
1795 1118 1983 1183 laquei,
2005 1132 2137 1167 unco
2159 1126 2438 1182 ostentato,
2459 1118 2632 1169 confe-

1571 1194 1646 1244 cit
1669 1196 1846 1258 procul
1867 1196 1920 1243 in
1941 1196 2124 1245 insula.

1637 1270 1770 1320 Aliae
1795 1270 1961 1319 cedes
1984 1270 2142 1319 etiam
2165 1270 2424 1319 mandatae
2446 1268 2628 1319 Tribu-

1570 1346 1650 1393 nis
1675 1347 1997 1410 pretorianis
2019 1362 2033 1407 ς
2071 1346 2150 1395 vel
2189 1348 2412 1407 occulte,
2435 1354 2492 1395 ut
2529 1348 2628 1397 Cn.

1571 1421 1796 1483 Pisonis,
1819 1434 1972 1485 quem
1995 1435 2024 1469 a
2043 1422 2254 1471 Tiberio
2283 1422 2417 1485 ipso,
2436 1422 2630 1471 immis-

1570 1510 1626 1544 so
1649 1497 1879 1545 Tribuno
1917 1498 2160 1559 occisum,
2195 1498 2473 1547 verisimile
2514 1504 2629 1557 est3

1572 1573 1656 1620 vel
1677 1572 1845 1635 palam
1867 1572 2143 1622 damnante
2162 1579 2364 1635 senatu,
2381 1579 2470 1622 aut
2490 1573 2628 1636 prin-

1570 1646 1688 1709 cipe
1713 1646 1824 1710 ipso
1839 1646 2078 1709 jubente.

1637 1722 1704 1771 Et
1727 1723 1994 1787 praecipue
2015 1724 2266 1773 militares
2282 1724 2378 1773 viri
2401 1738 2432 1772 a
2447 1722 2629 1773 Tribu-

1568 1798 1647 1847 nis
1685 1800 1870 1862 necati,
1893 1800 2048 1847 etiam
2087 1806 2203 1863 post
2225 1800 2626 1851 damnationem.

1564 1874 1668 1923 Sed
1709 1874 1758 1923 id
1803 1876 1970 1939 palam
2003 1883 2145 1926 etex
2175 1892 2301 1926 more
2321 1878 2540 1935 munim
2569 1884 2626 1927 et

1564 1957 1674 1999 tum
1698 1954 1929 2017 quaestor
1951 1952 2189 2013 consulis,
2211 1952 2253 2001 si
2285 1966 2400 2002 reus
2423 1960 2626 2005 senato-

1564 2026 1670 2075 rius
1690 2018 1846 2091 esset,
1867 2029 1948 2076 vel
1975 2028 2087 2091 ipse
2107 2027 2365 2077 Tribunus
2387 2030 2624 2092 praetori·

1565 2117 1690 2150 anus
1711 2103 1939 2165 legebat,
1979 2102 2024 2151 si
2045 2117 2161 2151 rens
2185 2103 2266 2150 vir
2287 2102 2525 2155 militaris
2548 2102 2624 2153 fo·

1564 2185 1663 2239 ret,
1699 2178 2216 2242 senatusconsultum,
2249 2192 2340 2227 seu
2370 2178 2623 2242 judicium

1563 2259 1790 2315 senatus,
1801 2266 1976 2303 coram
1995 2268 2084 2303 reo
2102 2254 2229 2318 ipso,
2245 2260 2299 2302 et
2319 2254 2621 2305 astantibus.

1651 2329 1904 2378 Mandata
1947 2329 2118 2379 caedes
2163 2330 2340 2379 Lollius
2385 2329 2620 2385 Paulina

1564 2404 1729 2454 extilis
1753 2405 1818 2454 ab
1841 2404 2149 2469 Agrippina,
2183 2406 2491 2466 centurioni,
2527 2405 2620 2455 sed

1560 2481 1614 2529 id
1637 2487 1821 2546 aperto
1842 2480 2073 2531 facinore
2097 2487 2152 2530 et
2172 2482 2400 2545 crimine,
2419 2482 2622 2532 nemine

1562 2558 1840 2607 damnante
1887 2558 2168 2607 Paulinam.
2235 2557 2523 2606 Mandabat
2565 2564 2622 2608 et

1562 2648 1740 2685 necem
1759 2633 2005 2683 Domitiae
2029 2634 2263 2698 Lepidae,
2296 2634 2386 2683 sed
2409 2633 2620 2683 Narcis-

1560 2723 1645 2757 sus
1667 2708 1902 2758 saevienti
1939 2706 2160 2757 foeminae
2185 2708 2484 2757 adversatus
2506 2712 2617 2770 est;

1562 2790 1618 2833 et
1641 2782 1850 2833 favente
1887 2784 2096 2845 liberto,
2131 2782 2258 2832 vixit
2301 2781 2516 2846 Lepida,
2559 2792 2620 2832 ut

1562 2858 1696 2907 infra
1713 2858 2019 2909 videbimus.

1625 2932 1834 2982 Caedem
1863 2932 2168 2993 Dolabellae,
2189 2926 2449 2995 Aquinu‘m
2469 2944 2618 2993 sepo-

1563 3006 1670 3069 siti,
1682 3006 1944 3055 mandavit
1963 3006 2254 3056 centurioni
2269 3005 2506 3055 Vitellius
2520 3006 2621 3057 Im·

1561 3090 1788 3146 perator,
1825 3084 1900 3132 sic
1939 3089 1994 3133 et
2037 3082 2378 3146 Vespasianus
2415 3080 2618 3131 caedem

1560 3158 1788 3209 Helvidii
1811 3176 1823 3207 :
1881 3158 1972 3207 sed
2017 3160 2182 3221 palam
2227 3164 2284 3206 et
2339 3156 2616 3208 damnante

1560 3236 1796 3299 principe
1816 3252 1830 3295 ;
1856 3233 1993 3299 quod
2011 3234 2138 3283 satis
2158 3233 2348 3291 visum3
2371 3245 2466 3281 nec
2490 3239 2618 3295 tum,

1560 3320 1619 3361 ut
1643 3318 1786 3375 puto,
1818 3312 1928 3359 sine
1963 3308 2171 3371 scripto.
2236 3306 2322 3355 Sic
2362 3312 2418 3356 et
2455 3306 2619 3357 Caeci·

1558 3400 1678 3435 nam
1699 3386 1838 3434 ultus
1860 3392 1941 3432 est
1961 3384 2108 3431 Titus
2130 3384 2325 3444 Caesar,
2343 3380 2435 3431 sed
2457 3382 2617 3432 mani-

1555 3461 1690 3511 feste
1713 3461 1896 3509 ducem
1919 3458 2315 3521 conjurationis3
2353 3474 2454 3523 quo
2491 3472 2615 3509 casn

1556 3536 1801 3585 mandata
1821 3535 1988 3598 palam
2025 3534 2164 3594 data,
2187 3541 2277 3583 aut
2299 3534 2470 3584 caedes
2489 3537 2614 3598 pub-

1554 3611 1655 3660 lice
1678 3608 1965 3673 approbata
1987 3614 2083 3670 est,
2104 3618 2225 3655 ante
2247 3614 2304 3656 et
2337 3614 2460 3670 post
2495 3622 2614 3659 exe-

1556 3685 1814 3733 cutionem
1837 3700 1848 3731 :
1887 3698 1965 3731 res
1987 3683 2122 3730 enim
2143 3682 2378 3747 urgebat,
2394 3687 2449 3732 et
2470 3683 2612 3746 prius

1554 3759 1772 3822 gladius,
1795 3772 1946 3824 quam
1989 3758 2252 3808 codicillus
2299 3758 2612 3809 adhibendus

1556 3836 1674 3885 fuit.

1623 3909 1868 3960 Mandata
1913 3917 1968 3960 et
2005 3910 2389 3959 centurionibus
2440 3909 2612 3959 coedes

1556 3990 1710 4053 synae
1751 3988 1888 4051 apud
1929 3987 2208 4037 Massiliam
2251 3984 2506 4033 exulantis
2554 3990 2612 4032 et

1556 4066 1750 4115 Plautii
1787 4066 1840 4113 in
1863 4063 2112 4113 Oriente:
2149 4061 2241 4110 sed
2264 4058 2359 4107 sub
2379 4058 2610 4119 Nerone,

1554 4148 1610 4189 et
1631 4154 1728 4201 per
1750 4140 1920 4187 scelus
1950 4136 2226 4199 instigante
2245 4128 2520 4202 Tigellino3
2553 4139 2611 4183 et

1557 4214 1680 4279 talia
1715 4212 1852 4264 baud
1889 4211 2048 4262 dubie
2087 4208 2283 4273 scripto
2303 4206 2614 4263 mandaban-
