3200 4934
536 392 714 460 1372
1237 408 1301 456 c.
1349 406 1709 456 com-tumr
1756 404 2010 455 ‘morri

2408 406 2501 476 [Α.
2518 406 2589 459 u.
2614 366 2734 459 coss.

1521 598 1741 651 No'rAE

531 743 770 781 nnessam
813 741 1066 777 venenum
1113 728 1374 779 coxisset?
1439 726 1596 776 immo

533 806 875 871 importunius
905 805 972 854 ob
1009 804 1408 869 infrequentiam
1449 804 1600 865 anlae,

534 896 634 931 nec
655 888 762 933 tam
793 881 925 930 bene
963 881 1232 931 latuissent
1259 887 1417 941 artes,
1453 885 1513 928 ut
1545 879 1598 928 iu

537 959 657 1007 aula
696 971 757 1007 ac
803 958 1002 1019 palatio
1047 958 1247 1007 Romae.
1331 955 1600 1005 Praeterea

534 1033 700 1082 tribus
737 1032 888 1081 lineis
925 1032 1122 1095 repetit
1148 1030 1358 1080 Tacitus
1380 1030 1600 1079 eandem

534 1121 735 1170 vocem,
777 1106 1030 1165 Claudiam,-
1065 1106 1200 1171 quod
1233 1120 1334 1156 non
1357 1106 1510 1169 solet,
1542 1112 1602 1157 et

537 1182 717 1246 inepta
738 1181 811 1231 sic
832 1182 1000 1231 oratio
1022 1190 1076 1232 et
1099 1182 1326 1232 narratio
1347 1181 1500 1233 soret.

601 1263 628 1297 '³
663 1256 915 1319 Claudias]
981 1257 1234 1307 Libenter
1276 1272 1598 1321 reponerem,

543 1332 812 1393 Narcissus,
835 1333 924 1396 qui
945 1332 998 1381 in
1017 1332 1376 1397 aegritudinem
1397 1333 1600 1397 incidit,

541 1414 598 1457 et
617 1406 908 1457 Sinuessam
931 1408 1138 1472 pergin
1176 1422 1328 1473 quam
1349 1408 1600 1458 absentia

542 1482 700 1547 ipsius
722 1482 1044 1533 occasionem
1074 1484 1259 1547 arripit
1289 1484 1602 1547 Agrippina,

541 1558 664 1608 olim
701 1565 848 1609 certa
882 1559 1106 1610 sceleris.
1168 1559 1322 1611 Quod
1361 1560 1447 1608 vix
1481 1574 1605 1617 ausa

545 1640 689 1684 esset
726 1644 984 1698 presente
1009 1635 1274 1695 Narcisso,
1311 1634 1400 1699 qui
1420 1634 1605 1699 princi-

545 1725 664 1774 pem
687 1718 745 1760 ut
767 1710 986 1760 animam
1008 1725 1150 1760 suam
1169 1709 1402 1773 fovebat,
1437 1718 1494 1760 et
1517 1711 1607 1775 qui

545 1784 683 1834 baud
703 1784 858 1835 dubie
877 1785 1169 1835 emissarios
1189 1786 1244 1834 in
1266 1787 1381 1836 aula
1403 1786 1605 1851 habuit,

547 1867 609 1911 ut
632 1860 720 1923 qui
741 1860 792 1909 in
815 1861 981 1925 gratia
1001 1859 1242 1925 flagranti
1261 1869 1415 1913 esset.

631 1937 746 1989 Nec
803 1945 947 1987 certe
1008 1937 1184 1988 datum
1228 1946 1309 1989 est
1347 1952 1603 1990 venenum

549 2012 766 2064 Claudio
783 2015 1080 2079 egrotanti,
1101 2016 1194 2065 sed
1217 2016 1270 2065 in
1293 2016 1418 2080 ipsis
1440 2018 1606 2081 epulis

549 2097 605 2141 et
641 2090 692 2140 in
727 2090 922 2155 boleto,
959 2092 1050 2157 qui
1085 2092 1230 2143 cibus
1267 2093 1355 2142 vix
1389 2093 1608 2145 daretur

548 2165 850 2231 cuicumque
869 2181 1030 2231 aegro,
1051 2168 1240 2219 nedum
1261 2168 1515 2233 principi:
1553 2175 1611 2221 et

549 2248 697 2291 certe
719 2241 996 2292 vocabatur
1033 2243 1321 2305 Narcissus,
1360 2246 1607 2307 Claudias,

549 2330 694 2365 more
724 2316 1047 2379 libertorum,
1085 2318 1171 2383 qui
1195 2319 1403 2369 nomina
1439 2326 1611 2383 patro·

551 2405 734 2441 norum
765 2391 1069 2443 induebant.
1131 2393 1219 2443 Sic
1257 2399 1314 2445 et
1337 2394 1486 2444 Felix
1511 2392 1612 2443 fra·

550 2471 634 2514 ter
685 2464 957 2528 Pallantis,
1009 2480 1074 2515 es
1119 2467 1324 2517 nomine
1367 2466 1611 2519 Antonia

550 2540 756 2590 minoris
777 2547 1010 2605 patronae
1036 2542 1216 2608 ipsius,
1235 2545 1501 2603 Antonin,-
1533 2545 1609 2595 sic

547 2621 605 2665 et
627 2616 823 2681 Pallas,
856 2617 1089 2677 ,Claudias
1109 2634 1176 2669 ex
1199 2620 1448 2671 vocabulo
1470 2621 1610 2686 prin-

550 2692 682 2756 cipis
705 2693 1016 2757 appellatus.

615 2768 836 2819 Claudio
876 2768 1092 2820 affusum
1125 2784 1243 2821 esse
1265 2786 1518 2823 venenum
1555 2774 1611 2825 ln

552 2845 718 2910 epulis
741 2845 1031 2908 ordinariis,
1053 2852 1200 2910 patet
1221 2860 1286 2899 ex
1303 2848 1382 2898 his
1403 2849 1571 2899 Taciti
1592 2866 1607 2899 t

550 2926 567 2951 ⁴
594 2922 836 2972 Minister
872 2922 1094 2972 Halotus
1129 2923 1326 2975 inferre
1354 2926 1534 2989 epulas
1555 2932 1613 2977 et

551 2998 824 3060 explorare
847 3004 994 3061 gustu
1033 2999 1243 3064 solitus,'
1277 3001 1366 3065 qui
1401 3016 1611 3067 corrup-

555 3078 638 3121 tus
661 3072 728 3121 ab
764 3072 1072 3137 Agrippina,
1107 3075 1244 3124 baud
1280 3076 1439 3127 dubie
1475 3078 1613 3129 infn-

552 3148 631 3197 dit
653 3146 809 3206 virus,
841 3155 1114 3214 postquam
1144 3152 1466 3215 explorasset
1487 3169 1613 3219 epu·-

551 3226 666 3284 las3
699 3224 783 3273 vel
821 3229 944 3273 tunc
983 3224 1212 3275 boletum
1251 3226 1392 3277 illum
1435 3228 1613 3294 ingen-

553 3306 660 3349 tem
692 3312 1012 3363 nequaquam
1047 3301 1355 3365 exploravit,
1393 3318 1460 3353 ne
1485 3305 1613 3368 quid

554 3388 622 3423 ex
657 3372 854 3423 deliciis
877 3374 1097 3426 Caesaris
1118 3376 1388 3440 delibaret,
1409 3382 1498 3445 qui
1521 3382 1613 3432 bo-

552 3450 691 3499 letus
719 3462 826 3511 pne
849 3449 961 3499 aliis
992 3450 1161 3501 forma
1179 3458 1235 3501 et
1255 3456 1613 3518 magnitudine

555 3522 837 3586 eminebat,
856 3529 992 3575 teste
1024 3525 1223 3588 Dione;
1256 3528 1348 3578 sed
1381 3530 1615 3582 immedi-

552 3604 700 3647 ›catos
731 3598 880 3661 alios,
911 3598 978 3650 de
1017 3602 1204 3665 quibus
1242 3601 1535 3669 Agrippina
1557 3614 1615 3658 et

555 3672 644 3723 alii
697 3673 1046 3739 comederunt,
1097 3677 1234 3726 haud
1305 3678 1616 3736 advertente

556 3746 793 3810 Claudio,
833 3750 1089 3816 socordia,
1121 3752 1208 3803 vel
1241 3752 1349 3804 cibi
1388 3756 1618 3809 delecta·

555 3824 674 3877 bilis
695 3824 968 3876 dulcedine
991 3828 1208 3880 avidior.

619 3898 782 3949 Patet
812 3900 972 3951 etiam
993 3916 1060 3951 ex
1083 3904 1164 3953 bis
1183 3906 1308 3957 Tac.
1333 3910 1349 3935 ‘
1373 3908 1490 3959 Nec
1512 3908 1617 3961 vim

554 3974 910 4027 medicaminis
941 3978 1122 4029 statim
1159 3980 1501 4046 intellectam,
1539 4000 1618 4035 so-

556 4051 800 4102 cordiane
823 4052 1045 4114 Claudii,
1087 4068 1153 4103 an
1175 4054 1496 4122 vinolentia,'
1517 4062 1617 4112 dre.

547 4128 634 4193 ,At
673 4135 818 4179 certe
855 4129 900 4179 ai
941 4144 1082 4193 ager
1124 4128 1308 4181 fuisset
1339 4134 1621 4200 Claudius,

557 4214 661 4256 neu
683 4202 812 4261 adeo
834 4204 954 4257 vino
973 4203 1294 4273 incaluisset,
1316 4207 1474 4261 immo
1494 4210 1618 4265 vino

1676 724 1883 777 omnino
1906 724 2165 777 abstinere
2184 724 2383 777 debuit.
2427 725 2599 789 Igitur
2620 739 2733 775 cer·

1680 812 1737 853 to
1756 804 1952 853 certius
1974 810 2074 867 est,
2110 819 2277 869 neque
2299 811 2425 854 tunc
2458 811 2734 867 aegrotasse

1679 876 1972 941 Claudium,
2010 892 2178 943 neque
2224 876 2517 929 Sinuessam
2560 880 2737 943 ivisse,

1678 953 1772 1003 sed
1812 954 1973 1003 solum
2018 954 2356 1015 Narcissum3
2393 970 2493 1019 quo
2541 962 2743 1017 amoto,

1680 1030 1857 1079 statim
1898 1043 2151 1079 venenum
2192 1030 2399 1095 paravit
2437 1036 2494 1079 et
2532 1030 2739 1081 miscuit

1680 1104 1993 1168 Agrippina,
2011 1119 2114 1169 quo
2132 1105 2417 1169 principem
2440 1105 2670 1155 tolleret.

1658 1230 1671 1241 ,
1744 1180 1815 1229 Et
1845 1186 1991 1229 certe
2011 1187 2190 1244 postea
2212 1180 2373 1229 altum
2396 1180 2464 1229 de
2489 1178 2739 1230 Narcisso

1681 1254 1941 1303 silentium
1974 1254 2177 1315 Tacito,
2198 1269 2293 1303 uec
2318 1254 2535 1317 amplius
2556 1255 2645 1303 ille
2682 1254 2739 1303 in

1679 1342 1884 1379 scenam
1906 1331 2123 1381 aulicam
2144 1329 2337 1393 prodit,
2357 1330 2455 1379 nisi
2472 1344 2588 1378 cum
2610 1330 2741 1381 mori

1681 1404 1911 1468 adigitur
1923 1404 2063 1470 apud
2082 1405 2398 1467 Sinuessam,
2410 1420 2513 1471 qno
2532 1405 2739 1455 absces-

1684 1488 1845 1540 serat,
1886 1480 1953 1531 ab
1978 1479 2287 1545 Agrippina.
2353 1482 2425 1531 Et
2460 1488 2608 1532 certe
2640 1480 2739 1530 nisi

1684 1555 1949 1619 abfuisset,
1968 1558 2015 1606 si
2036 1570 2264 1620 praesens
2296 1557 2349 1606 in
2380 1557 2499 1605 aula
2520 1555 2743 1619 adesset,

1686 1646 1808 1682 num
1826 1646 1881 1681 se
1901 1632 2261 1681 immiscuisset
2286 1632 2568 1682 valetudini
2588 1632 2743 1681 Clau·

1686 1708 1792 1756 dii?
1824 1722 1945 1757 num
1984 1708 2123 1771 ipsos
2158 1707 2388 1758 medicos
2422 1708 2616 1758 acriter
2652 1722 2747 1759 ex·

1686 1786 1961 1847 plorasset,
1981 1789 2037 1832 et
2068 1784 2343 1847 ipsammet
2359 1782 2746 1848 Agrippinam?

1686 1860 1845 1909 Haud
1860 1859 2019 1909 dubie
2035 1858 2281 1910 continuo
2304 1860 2579 1909 assedisset
2591 1858 2749 1911 liber-

1686 1926 1768 1988 tus
1793 1937 2067 2001 aegrotanti
2092 1935 2332 1999 principi.

1751 2015 1827 2065 Ut
1844 2028 1928 2063 res
1944 2014 2083 2063 clare
2098 2018 2296 2077 pateat,
2306 2011 2590 2062 audiendus
2606 2012 2713 2063 Dio
2728 2026 2747 2063 ε

1688 2094 1705 2121 ‘
1718 2091 1963 2144 Claudius
1974 2090 2277 2156 Agrippinae
2301 2091 2609 2155 actionibus,
2620 2104 2751 2157 quas

1688 2170 1895 2236 quidem
1907 2168 2261 2236 comperisset,
2262 2168 2371 2232 jam
2388 2166 2638 2231 infensus,
2652 2167 2755 2218 fili-

1688 2260 1877 2310 umqne
1896 2244 2049 2294 'snum
2080 2244 2345 2309 requirens
2368 2244 2751 2309 Britannicum,

1688 2336 1845 2387 quem
1859 2321 1978 2385 ipsa
1992 2320 2229 2370 consulto
2241 2320 2547 2384 plerumque
2568 2334 2751 2384 aspec-

1689 2397 1769 2448 tui
1790 2396 2259 2458 subducebat,eum
2284 2394 2502 2458 Neroni,
2523 2394 2633 2446 filio
2654 2409 2749 2445 suo

1689 2486 1759 2522 ex
1781 2472 1941 2537 priori
1961 2470 2143 2522 marito
2165 2470 2415 2533 Domitio,
2436 2471 2577 2521 omni
2592 2471 2750 2522 modo

1686 2546 1959 2612 imperium
1992 2552 2223 2613 pararet,
2260 2560 2359 2597 nec
2392 2546 2565 2599 ferens
2596 2548 2751 2599 modo

1690 2638 1805 2689 qum
1824 2620 2313 2685 fiebant‚Clandins,
2330 2623 2543 2675 consilia
2562 2622 2754 2689 Agrip·

1690 2700 1829 2765 pino
1872 2698 2239 2761 deprimendo,
2284 2697 2549 2763 filiumque
2599 2714 2749 2749 suum

1690 2786 2041 2825 successorem
2080 2772 2285 2837 imperii
2319 2774 2629 2840 reliquendi,
2674 2789 2755 2825 ra-

1692 2849 1861 2900 tiones
1900 2849 2153 2913 agitabat.
2217 2850 2374 2902 Quod
2408 2863 2472 2899 ea
2504 2851 2753 2917 sentiens,

1688 2932 1938 2990 metuque
1982 2926 2237 2989 perculsa,
2280 2940 2481 2977 veneno
2535 2926 2753 2977 consilia

1690 3000 1803 3064 ejus
1826 3000 2113 3063 prevenire
2134 3000 2338 3050 statuit.
2404 3001 2477 3051 Et
2508 3002 2750 3067 quoniam

1690 3076 1865 3126 vinum
1922 3075 2113 3139 largius
2160 3090 2367 3140 semper
2422 3075 2647 3141 biberet,
2685 3092 2751 3127 ae

1694 3160 1873 3201 cetera
1905 3150 2075 3200 victus
2098 3150 2250 3215 ratio,
2268 3165 2373 3214 qua
2393 3152 2459 3201 ad
2483 3151 2563 3201 sni
2579 3161 2755 3203 custo-

1692 3227 1834 3277 diam
1850 3225 2185 3290 imperatores
2198 3233 2429 3289 utuntur,
2451 3242 2513 3277 ne
2536 3228 2755 3280 laedere·

1695 3309 1801 3365 tur,
1822 3300 2084 3367 obstabat,
2100 3303 2373 3353 Incestum
2396 3302 2643 3355 famosam
2664 3318 2756 3355 ve·

1690 3376 1892 3428 ueficiis
1924 3378 2194 3429 mulierem
2226 3379 2293 3428 ad
2324 3394 2383 3429 se
2415 3380 2643 3440 vocavit,
2664 3392 2755 3429 ves

1692 3469 1985 3521 neuun-ique
2022 3456 2136 3521 ejus
2182 3470 2341 3521 opera
2372 3455 2755 3507 immedicabile

1693 3538 2042 3596 preparatum
2076 3532 2247 3581 boleto
2272 3530 2497 3581 infudit:
2532 3532 2757 3596 proinde

1692 3608 1807 3673 ipsa
1846 3606 1913 3657 de
1944 3608 2157 3673 reliquis
2194 3607 2491 3670 comedens,
2528 3608 2759 3659 medica·

1696 3686 1807 3733 tum
1840 3683 2053 3734 Claudio
2094 3684 2371 3733 maximnm
2403 3681 2657 3735 videlicet
2698 3693 2759 3739 et

1696 3758 2097 3823 pulcherrimum
2148 3758 2559 3813 manducandum
2614 3762 2758 3812 exhi·

1698 3833 1825 3885 buit.
1892 3832 2011 3885 Hoc
2054 3841 2211 3899 pacto
2254 3834 2636 3889 circumventus
2678 3836 2756 3887 in-

1696 3910 1843 3961 sidiis
1860 3910 1967 3974 ille,
1978 3924 2009 3961 e
2026 3912 2431 3977 convivio‚quasi
2451 3915 2759 3966 temulentia

1698 4000 1993 4051 oppressus,
2011 3987 2178 4038 elatus
2214 3995 2315 4051 est,
2338 3990 2473 4053 quod
2502 3998 2620 4040 erat
2657 3990 2761 4055 ipsi

1695 4061 1975 4127 frequens=
2030 4071 2193 4115 noctu
2237 4070 2409 4116 autem
2454 4067 2641 4117 amissa
2679 4067 2761 4117 lo·

1696 4140 1901 4204 quendi·
1926 4141 2276 4209 audiendique
2312 4142 2447 4193 omni
2484 4140 2761 4206 facultate,

1696 4214 1834 4269 diem
1850 4215 2035 4270 clausit
2056 4219 2214 4273 tertio
2252 4218 2381 4272 mus
2394 4218 2609 4285 octob„
2638 4232 2753 4271 cuns

3166 89 3182 170 ...-
3164 0 3173 14 .
