3200 4934
585 362 759 428 1130

1289 375 1355 420 C.
1405 371 1605 420 COR'N
1618 371 1774 419 131211
1822 371 2079 419 TAcl'rl

2466 376 2559 440 [A.
2580 380 2791 432 uest.

583 517 880 583 cubiculi
954 515 1312 579 memoria⁰
1385 516 1818 594 timebantur3
1893 515 2266 598 prorumpit
2284 523 2310 551 ²
2387 516 2782 597 Narcissus,

580 618 1034 701 denuntiatque
1103 616 1641 681 CenturionibusP
1712 623 1783 681 et
1849 617 2194 694 Tribuno,‘¹
2268 620 2385 700 qui
2455 618 2787 698 aderant,‘

583 723 636 753 ‘·
667 720 909 804 exequi
1003 719 1251 783 caedem
1282 725 1326 782 :⁸
1431 719 1528 782 ita
1620 717 2091 800 Imperatorem
2175 717 2453 800 jubere.'

2608 719 2784 784 Cus-

581 865 626 934 si
659 890 970 948 morarentur,
1016 886 1232 947 proxima
1265 901 1379 945 nox,
1414 890 1462 934 et
1488 884 1707 944 sominei
1746 885 1939 932 thalami
1975 883 2199 932 memoria
2240 884 2565 934 metuebantur
2574 900 2595 943 ,-
2628 900 2783 934 erum-

577 949 655 1011 pit
699 950 970 1014 Narcissus,
1009 950 1270 1012 indicitque
1317 949 1696 1010 cmm-ionibus,
1730 954 1777 998 et
1815 949 2037 1009 Tribuni»,
2080 950 2162 1010 qui
2200 949 2437 1010 astabant,
2482 955 2541 998 ut
2584 950 2781 999 caedem

581 1017 937 1075 maturarent,
991 1015 1065 1063 ita
1109 1014 1394 1077 principem
1443 1013 1729 1064 mandare„
1773 1012 1985 1062 Additus
2026 1028 2052 1061 s
2092 1012 2280 1062 libertis
2320 1013 2508 1062 Euodus
2542 1018 2692 1062 custos
2734 1019 2781 1079 et

1501 1169 1703 1187 “““““

1707 1169 1852 1188 ‘‘‘‘‘

1095 1299 1126 1343 2
1161 1295 1392 1344 Pichena
1411 1309 1440 1343 e
1463 1295 1566 1344 Ms.
1592 1295 1728 1344 Flor.
1800 1294 1865 1343 In
1890 1295 2002 1343 aliis
2021 1295 2261 1358 prorupit.

1572 1432 1790 1482 No'rAE

579 1541 904 1608 intempestiva
917 1543 1153 1593 convivia
1167 1558 1424 1610 nunquam
1440 1545 1638 1595 laudari

577 1624 807 1681 possent.

641 1702 665 1724 ⁰
691 1694 864 1741 Uxor-ii
897 1693 1093 1742 cubiculi
1113 1693 1358 1756 memoria]
1426 1694 1637 1744 Sueten.

580 1769 765 1819 Claud.
785 1773 865 1817 ³9.
906 1769 921 1795 ⁴
947 1767 1094 1817 Inter
1118 1776 1296 1818 cetera
1319 1770 1369 1816 in
1400 1783 1462 1817 eo
1487 1770 1638 1818 mira-

575 1843 620 1892 ti
645 1850 766 1893 sunt
801 1845 1032 1892 homines
1055 1852 1112 1893 et
1132 1844 1442 1893 oblivionem
1473 1854 1527 1895 et
1561 1846 1637 1893 in-

575 1919 1027 1988 considerantiam,
1055 1920 1134 1969 vel
1157 1927 1216 1969 ut
1239 1920 1426 1970 Graece
1449 1923 1639 1982 dicam,

573 1993 826 2058 μετεωρίαν
847 1995 925 2043 καὶ
947 1994 1200 2058 ἂΒλεψίαν.
1270 1995 1466 2047 Occisa
1499 1999 1637 2047 Mes·

575 2069 776 2132 sallina,
818 2073 971 2135 paulo
1011 2079 1130 2136 post
1153 2085 1306 2137 quam
1335 2073 1382 2123 in
1407 2071 1635 2122 triclinio

573 2145 845 2209 decubuit,
889 2163 982 2198 cur
1022 2147 1227 2197 domina
1266 2163 1370 2198 non
1413 2151 1635 2214 veniret,

575 2221 884 2284 requisivit?

645 2300 823 2349 Uxor-ii
858 2299 1080 2362 cubiculi]
1168 2300 1326 2363 Cujus
1363 2301 1633 2351 blanditiis

573 2375 997 2426 reconciliaretur
1021 2375 1136 2425 talis
1155 2375 1385 2438 maritus,
1401 2383 1457 2426 et
1481 2377 1636 2426 solita

568 2449 824 2500 facilitate
844 2449 1040 2514 flagitia
1078 2451 1248 2499 omnia
1291 2452 1456 2514 uxori,
1475 2465 1635 2515 quan-

573 2527 762 2576 tumvis
786 2526 1018 2591 perfidae,
1040 2527 1373 2577 condonaret.

583 2605 591 2610 '
633 2610 659 2642 Ρ
679 2604 1031 2667 Denuntiatque
1049 2602 1431 2666 centurionibus]
1496 2605 1635 2656 Quia

571 2691 760 2740 nempe
781 2677 876 2727 hoc
897 2683 1010 2728 toto
1034 2678 1116 2727 die
1137 2677 1632 2742 praefnitNurcissus

568 2753 880 2817 praetoriano
945 2754 1112 2803 militi.
1223 2754 1340 2804 Hoc
1411 2755 1629 2820 imperio

569 2828 739 2891 nixus,
781 2827 1091 2892 praefectum
1135 2830 1368 2893 praetorii
1423 2831 1531 2894 egit
1573 2830 1632 2878 li-

568 2904 768 2954 bertus.

633 2989 658 3022 ‘¹
684 2982 910 3043 stibium]
945 2984 1152 3045 Nempe
1176 2983 1411 3033 tribunus
1436 2984 1522 3032 ille
1545 2999 1630 3034 co-

567 3055 748 3118 hortis,
771 3069 884 3118 quae
907 3069 968 3103 eo
1005 3055 1089 3103 die
1110 3056 1176 3104 ad
1212 3057 1380 3104 aulam
1415 3057 1633 3106 excuba-

567 3129 678 3179 bat.
745 3121 972 3178 Cuilibet
997 3130 1197 3178 cohorti
1219 3145 1348 3178 unus
1391 3131 1629 3180 tribunus

567 3209 814 3268 praeerat,
845 3217 938 3252 sex
955 3205 1282 3254 centuriones
1315 3205 1532 3256 inerant.

629 3286 649 3311 ¹
667 3279 766 3336 Qui
781 3278 1002 3341 aderam]
1037 3279 1271 3329 Aderant
1293 3295 1497 3344 semper
1515 3295 1629 3344 spe·

565 3356 822 3406 celatores
853 3355 1167 3419 praetoriani,
1202 3361 1256 3404 et
1285 3358 1629 3420 centuriones,

563 3431 762 3496 quoties
797 3432 1110 3493 epularetur,
1151 3438 1287 3482 teste
1316 3433 1528 3484 Sueton.
1569 3441 1627 3484 et

565 3507 854 3572 praesertim
901 3508 1158 3571 tribunus,
1201 3512 1291 3573 qui
1342 3510 1629 3560 excubanti

562 3596 660 3648 per
681 3582 822 3634 vices
861 3583 1095 3648 quolibet
1138 3584 1224 3633 die
1260 3585 1458 3635 cohorti
1495 3600 1626 3649 prae-

563 3664 693 3708 erat.

633 3734 732 3789 Qua·
751 3733 970 3796 aderant]
1005 3734 1159 3784 Haud
1196 3734 1350 3784 dubie
1389 3735 1622 3787 tribunus

563 3806 717 3859 affuit
735 3814 791 3857 et
816 3811 1144 3859 centuriones
1181 3811 1406 3860 cohortis
1435 3818 1623 3876 praeto-

563 3884 874 3948 fiamusque
899 3885 994 3932 hac
1019 3885 1104 3933 die
1144 3899 1234 3948 pro
1272 3899 1415 3936 more
1449 3887 1624 3951 vigila-

559 3959 656 4009 bnt
686 3960 740 4008 in
771 3960 904 4009 atrio
946 3961 1146 4022 palatii.
1215 3961 1296 4010 De
1320 3977 1422 4028 qua
1441 3963 1563 4012 Tac.
1589 3963 1622 4014 l.

561 4049 602 4084 1.
624 4036 742 4086 hist.
764 4041 844 4086 29.
858 4039 875 4066 ‘
899 4035 1070 4099 Igitur
1085 4039 1492 4088 consultantibus
1513 4041 1623 4104 pla-

561 4111 669 4160 cuit
689 4113 974 4175 pertentari
994 4113 1218 4162 animum
1241 4115 1484 4179 cohortis,
1506 4128 1622 4180 qum

561 4185 616 4238 ih
656 4189 852 4252 palatio
887 4191 1167 4242 stationem
1204 4190 1392 4258 agebat
1405 4191 1436 4244 ι’
1469 4199 1624 4244 eren

1720 1547 1906 1595 cohors
1948 1544 2294 1595 comitabatur
2330 1543 2618 1608 principem
2661 1558 2785 1608 qno·

1720 1635 1940 1684 cumque
1984 1621 2102 1680 iret,
2156 1620 2313 1668 etiam
2363 1618 2429 1667 ad
2474 1633 2676 1667 sacrum
2722 1625 2783 1667 et

1719 1697 1929 1759 epulas;
1963 1702 2018 1744 et
2062 1695 2136 1744 sic
2179 1695 2431 1758 quaelibet
2458 1695 2645 1744 cohors
2684 1706 2781 1758 per

1718 1785 1875 1820 vices.

1784 1846 1868 1894 Sic
1892 1846 1924 1895 1.
1948 1859 1987 1894 1.
2012 1845 2130 1894 hist.
2152 1849 2233 1894 24.
2256 1847 2271 1872 ‘
2291 1846 2366 1894 Eo
2388 1843 2635 1906 paulatim
2663 1857 2780 1907 pro-

1718 1934 1921 1983 gressus
1946 1927 2045 1982 est,
2065 1927 2126 1969 ut
2166 1935 2257 1982 per
2292 1919 2517 1982 speciem
2540 1919 2780 1988 convivii,

1716 1996 1920 2060 quoties
1942 1995 2113 2044 Galba
2152 1996 2287 2058 apud
2321 1993 2579 2044 Othonem
2600 1995 2779 2058 epula·-

1716 2078 1881 2133 retur,
1898 2072 2097 2121 cohorti
2115 2071 2357 2122 excubias
2374 2071 2569 2136 agenti,
2585 2071 2777 2120 viritim

1716 2155 1961 2198 centenos
1982 2161 2213 2196 nummos
2235 2145 2531 2195 divideret!

1780 2231 1797 2255 ⁸
1822 2224 2011 2287 Exequi
2047 2222 2241 2285 coedem]
2307 2221 2571 2271 Mandatus
2606 2221 2777 2273 cedes

1712 2300 1989 2348 illustrium
2022 2299 2247 2348 virorum
2277 2297 2513 2346 Tribunis
2538 2297 2618 2346 vel
2643 2297 2778 2347 Cen·

1716 2376 2017 2424 turionibus.
2086 2375 2161 2423 Ut
2176 2380 2322 2437 puto,
2344 2372 2585 2421 mandata
2604 2372 2775 2422 eaedes

1714 2451 1963 2515 Agrippae
1988 2449 2257 2500 Posthumi
2279 2462 2311 2500 a
2331 2448 2495 2510 Livia,
2521 2447 2601 2497 vel
2631 2462 2662 2495 a
2692 2447 2776 2497 'ri-

1715 2525 1877 2591 berio,
1923 2527 2031 2575 solo
2076 2531 2203 2574 nutu
2258 2529 2313 2574 et
2356 2524 2517 2574 verbo
2570 2530 2771 2573 tantum

1715 2602 1897 2665 Crispo
1930 2601 2192 2664 Sallustio,
2212 2601 2299 2664 qui
2320 2600 2563 2649 mandata
2588 2599 2775 2664 priuci-

1713 2676 1791 2741 pis
1810 2676 1919 2740 ipse
1942 2677 2259 2740 praescripsit
2277 2675 2520 2738 Tribuno,
2538 2675 2775 2739 apposito

1711 2753 1961 2816 custodiae
1978 2751 2266 2816 Posthumi,
2281 2749 2531 2800 codicillis
2546 2749 2779 2813 scriptis:

1710 2834 1937 2876 attamen
1976 2841 2069 2890 pro
2119 2841 2248 2875 nior-e
2289 2825 2494 2889 militia,
2530 2832 2586 2874 et
2629 2823 2769 2875 forte

1712 2903 1867 2952 etlam
1890 2903 2086 2966 praemii
2113 2900 2399 2964 accipiendi
2421 2901 2672 2962 consilio,·
2690 2915 2771 2949 re-

1710 2978 1967 3028 nuntiavit
2008 2977 2263 3026 Tribunus
2305 2976 2539 3040 Tiberio,
2578 2976 2770 3037 sactum

1710 3069 1807 3103 esse
1839 3056 1960 3117 qnod
1978 3053 2266 3117 imperasset.
2672 3109 2677 3114 ,

1779 3129 1921 3178 Hinc
1956 3129 2138 3178 anxius
2174 3127 2642 3192 metusallustins,
2682 3131 2772 3195 qui

1711 3205 1993 3268 scripserat
2026 3207 2224 3267 literas,
2258 3217 2452 3268 suoque
2474 3205 2661 3256 annulo
2680 3207 2770 3256 ob·

1710 3279 1961 3342 signarat,
2002 3293 2068 3328 ne
2113 3283 2281 3330 scelus
2318 3279 2645 3332 vindicarent
2671 3280 2770 3333 Pa„

1710 3361 1834 3416 tres,
1873 3355 2070 3404 Liviam
2111 3356 2239 3419 adit,
2279 3356 2399 3421 quia
2436 3357 2574 3406 haud
2614 3358 2767 3408 dubie

1708 3430 1949 3480 mandata
1963 3433 2031 3480 ab
2044 3431 2135 3480 illa
2149 3433 2261 3496 ipsa
2272 3439 2551 3496 acceperat
2565 3449 2580 3495 ;
2603 3447 2766 3499 quare

1706 3511 1764 3553 et
1786 3506 2071 3557 dissimulat
2093 3507 2347 3564 Tiberius,
2386 3510 2532 3574 quasi
2570 3510 2770 3559 nescius

1706 3579 1980 3644 facinoris3
2016 3591 2071 3633 et
2102 3583 2155 3631 id
2176 3581 2333 3632 facile
2364 3585 2551 3646 potuit,
2572 3599 2685 3634 cum
2709 3585 2765 3635 id

1704 3672 1872 3723 neque
1894 3673 2023 3708 voce
2046 3671 2215 3722 neque
2250 3659 2447 3723 scripto
2468 3659 2606 3710 forte
2628 3665 2768 3710 main·

1702 3733 1893 3792 desset,
1937 3741 1991 3782 et
2036 3734 2159 3799 quia
2210 3735 2663 3785 remotis·arbitris
2707 3735 2765 3784 id

1702 3809 1973 3858 mandarat
1989 3810 2139 3858 Livia
2160 3809 2421 3858 Sallustio.

1730 3903 1739 3909 ·
1768 3886 1843 3935 At
1863 3887 2119 3936 Tribunus
2150 3886 2278 3950 legit
2302 3885 2475 3934 literas
2498 3885 2765 3952 principis,

1703 3973 1877 4009 coram
1943 3961 2330 4011 centurionibus
2382 3966 2436 4009 et
2469 3961 2761 4024 -militibus,

1702 4033 1839 4084 sorte
1875 4043 1933 4085 et
1974 4036 2087 4099 ipso
2126 4035 2423 4085 Posthumo.
2484 4035 2590 4084 Sed
2612 4041 2761 4086 certe

1702 4109 1871 4158 literae
1892 4108 1996 4157 illoe
2020 4108 2548 4174 compositaenomlne
2568 4110 2761 4174 princi-

1700 4183 1801 4248 pis,
1844 4190 1917 4234 et·
1942 4181 2081 4236 forte
2124 4183 2366 4252 Augusti,
2408 4186 2555 4252 quasi
2592 4184 2759 4242 aduno
