3200 4934
411 430 466 483 J.
491 418 553 481 c.
575 428 684 492 σι]

1111 422 1520 471 ANNAmuu
1569 422 1715 472 mn.
1766 421 1909 473 xu.

2448 412 2626 480 1259

1405 612 1627 665 NOTAE

457 758 638 813 ‘Aliud
680 760 838 811 etism
882 757 1153 821 imperium
1199 773 1474 823 proconsu-

415 840 526 887 lare
559 836 675 898 suit,
707 836 844 900 quod
879 842 1034 885 extra
1068 834 1320 897 ordinem,
1357 843 1476 899 post

413 912 635 966 Neronis
658 927 845 972 evum,
865 912 962 961 sibi
987 912 1312 961 vindicarunt
1340 913 1476 975 prin-

413 990 556 1053 cipes
593 1002 790 1051 omnes,
828 987 966 1052 quod
1005 1001 1190 1051 nempe
1228 996 1336 1037 tum
1381 989 1470 1037 im-

413 1079 644 1117 mensum
679 1072 738 1115 et
773 1070 1080 1127 perpetuum
1115 1064 1250 1124 fuit3
1301 1064 1376 1113 ita
1414 1072 1472 1113 ut

413 1142 542 1193 illud
555 1142 854 1191 obtinerent
869 1141 1006 1190 iutra
1021 1148 1075 1189 et
1093 1147 1242 1189 extra
1259 1140 1474 1203 Urbem,

419 1218 556 1268 nulle
577 1218 887 1280 exceptione
927 1216 1028 1265 loci
1066 1224 1154 1264 sut
1191 1216 1470 1279 temporis:

413 1295 554 1359 quod
575 1301 632 1344 et
655 1292 891 1353 Auamto
931 1293 1032 1355 ipsi
1069 1292 1336 1342 decretum
1360 1299 1476 1342 erat

415 1386 446 1419 a
467 1377 670 1431 senatu,
691 1369 732 1418 si
761 1369 918 1417 Dioni
942 1369 1216 1418 credimus.

482 1444 674 1510 Itaque
695 1444 736 1492 si
761 1443 964 1507 quando
997 1443 1200 1506 privato
1239 1443 1480 1506 cuipiam,

417 1520 504 1585 qui
525 1534 706 1583 nempe
727 1520 892 1567 nullos
915 1520 966 1567 iu
979 1519 1126 1569 Urbe
1149 1518 1478 1581 magistratus

419 1596 674 1661 gessisset,
689 1595 1065 1645 administratio
1087 1594 1364 1656 provincie
1389 1602 1480 1645 aut

415 1673 538 1722 belli
561 1672 920 1729 mandabatur,
942 1672 1032 1719 ille
1073 1679 1182 1719 tum
1213 1670 1482 1720 dicebatur

411 1754 718 1814 propretor-e,
754 1748 834 1797 vel
868 1748 1140 1811 proconsule
1177 1745 1370 1796 bellum
1393 1760 1479 1810 ge-

418 1839 567 1886 rere;
611 1825 764 1888 eique
785 1822 862 1873 sic
903 1822 1172 1885 imperium
1202 1822 1478 1886 pretorium

415 1901 500 1949 vel
518 1902 838 1963 proconsulare
859 1896 1210 1948 deferebatur.

479 1977 566 2027 Sic
587 1977 895 2039 Augustum,
918 1974 1006 2038 qui
1044 1974 1257 2038 privatis
1293 1972 1475 2037 opibus

417 2052 703 2102 exercitum
723 2050 950 2114 scripsit,
973 2064 1158 2099 sunum
1196 2063 1354 2113 agens
1387 2065 1476 2098 uu-

417 2124 800 2183 devicesimum,
865 2130 1238 2186 propraetorem
1309 2124 1478 2173 creari

417 2202 636 2251 dolebat
665 2200 865 2249 Cicero.
901 2196 1130 2260 Philipp.
1149 2210 1204 2247 v·
1237 2196 1254 2225 ‘
1281 2198 1476 2247 Demus

419 2276 581 2341 igitur
603 2274 874 2338 imperium
897 2273 1108 2335 cesari,
1135 2274 1244 2324 sine
1267 2289 1370 2339 quo
1393 2290 1476 2324 res

417 2352 656 2403 militaris
679 2350 1045 2411 administrari,
1081 2351 1244 2399 teneri
1284 2351 1479 2401 exerci-

421 2439 526 2491 tus,
547 2426 734 2477 bellurn
759 2426 872 2490 geri
895 2440 993 2475 non
1017 2432 1227 2489 potest3
1276 2428 1344 2476 sit
1369 2442 1480 2491 pro-

421 2508 666 2567 pretore,
706 2516 770 2551 eo
802 2502 945 2566 jure,
982 2516 1082 2566 quo
1121 2502 1207 2567 qui
1251 2504 1474 2566 optim03

422 2577 511 2642 qui
531 2578 709 2640 honos,
729 2591 1016 2641 quanquam
1051 2585 1134 2626 est
1165 2592 1380 2641 magnus
1403 2580 1479 2628 illi

422 2652 584 2713 aetati,
605 2660 776 2701 tamen
815 2650 881 2699 ad
921 2652 1284 2702 necessitatem
1308 2668 1478 2703 rerum

421 2727 778 2791 gerendarum,
817 2740 916 2775 non
955 2727 1118 2777 solum
1157 2726 1224 2775 ad
1261 2727 1482 2791 dignite-

419 2810 545 2867 tem,
563 2802 742 2852 valet?
1305 2838 1311 2843 -

485 2878 572 2926 Sic
606 2877 672 2926 P.
693 2877 869 2939 Scipio
902 2878 1070 2927 adhuc
1104 2879 1334 2941 privatus
1365 2893 1480 2942 pro·

419 2952 632 3001 consule
653 2952 836 3001 missus
871 2958 957 3001 est
991 2952 1042 3000 iu
1075 2951 1398 3015 Hispaniam,
1422 2958 1481 3002 ut

419 3028 614 3077 bellum
630 3034 855 3090 gereret.
903 3026 992 3075 Sic
1015 3033 1071 3076 et
1091 3025 1370 3090 Pompeius
1393 3026 1482 3077 ad-

418 3104 520 3152 buc
540 3118 700 3168 eques
711 3102 860 3151 Rom.
881 3102 1065 3151 missus
1081 3109 1162 3151 est
1177 3104 1482 3165 proconsule

423 3176 668 3229 adversus
689 3178 972 3227 Sertorium
993 3179 1046 3227 iu
1069 3178 1395 3241 Hispaniam.

489 3254 600 3304 Cic.
625 3255 680 3305 in
705 3243 1014 3305 Maniliana:
1038 3256 1054 3283 ‘
1079 3254 1218 3309 Quid
1243 3263 1348 3304 tam
1369 3256 1481 3305 inu-

423 3330 650 3394 sitatum,
684 3345 856 3394 quam,
879 3338 938 3379 ut
962 3345 1076 3381 cnm
1101 3331 1204 3381 duo
1227 3332 1478 3381 Consules

421 3407 691 3457 clarissimi
715 3404 1076 3471 fortissimique
1095 3414 1286 3468 esseut,
1308 3410 1480 3472 Eques

425 3484 575 3535 Rom.
597 3483 662 3532 ed
684 3482 876 3532 bellum
897 3482 1168 3531 maximum
1191 3480 1480 3532 formidolo-

415 3559 771 3624 sissimumque
805 3558 1112 3622 proconsule
1149 3556 1478 3606 mitteretur?

425 3632 606 3683 missus
630 3642 712 3684 est
733 3648 836 3697 quo
858 3633 1067 3698 quidem
1091 3639 1340 3697 ternpore,
1361 3648 1480 3683 cnm

425 3715 562 3757 esset
581 3723 680 3758 non
699 3723 846 3758 nemo
865 3708 918 3759 in
937 3718 1141 3773 senatu,
1155 3710 1244 3775 qui
1263 3710 1480 3773 diceret,

426 3796 529 3831 non
570 3794 812 3847 oportere
847 3786 986 3836 mitti
1023 3787 1280 3837 bominem
1315 3788 1483 3852 priva-

427 3864 538 3908 tum
557 3863 888 3921 proconsuleg
933 3864 994 3912 L.
1009 3863 1277 3927 Philippus
1294 3864 1484 3915 dixisse

432 3932 644 3996 dieitur,
683 3948 784 3982 non
822 3948 877 3983 se
919 3936 1059 3986 illum
1098 3951 1192 3987 sua
1227 3938 1488 3989 sententia

427 4010 755 4105 procqnsule‚
805 4011 894 4059 sed
930 4028 1024 4075 pro
1057 4015 1348 4065 consulibus
1369 4015 1486 4065 mit-

433 4090 570 4134 tere.

492 4158 724 4211 Atcerte
746 4158 917 4224 prisca
931 4158 1240 4225 Republica,
1253 4178 1355 4213 non
1375 4178 1486 4227 per-

427 4234 554 4288 inde
583 4234 971 4289 asum-untur
999 4239 1392 4303 proconsulatus
1413 4240 1488 4293 illi

1557 758 1777 822 privatis
1820 760 2071 812 mandati.
2137 762 2273 811 Nam
2306 762 2394 827 qui
2435 761 2511 813 sic
2554 776 2622 813 ex

1557 836 1769 898 privetis
1813 837 2141 899 proconsules
2176 840 2511 901 creabantur,
2530 837 2623 887 tri·

1557 912 1803 973 umphere
1822 926 1921 961 non
1942 920 2195 975 potuerim
2203 922 2243 969 t,
2256 914 2485 978 quamvis
2498 914 2627 963 mul-

1557 992 1638 1035 tas
1674 994 1729 1035 et
1766 988 2103 1049 arrtplissimss
2136 990 2377 1038 victorias
2422 988 2623 1038 retulis-

1553 1069 1689 1119 sent,
1710 1064 1829 1125 quia
1850 1078 2036 1126 nempe
2060 1064 2135 1112 illi
2161 1064 2269 1112 siue
2310 1064 2621 1128 magistratu

1552 1143 1609 1185 et
1644 1136 1751 1186 sine
1775 1137 2015 1201 auspiciis
2040 1140 2427 1202 Rempubliram
2453 1152 2627 1202 gesse·

1553 1220 1687 1271 rent,
1709 1213 1832 1262 licet
1855 1228 1972 1262 eum
1996 1214 2215 1278 imperio
2238 1214 2586 1278 praefuissent.

1618 1289 1707 1338 Sic
1727 1289 1957 1353 privatus
1976 1290 2145 1339 adhuc
2161 1290 2225 1341 P.
2242 1291 2416 1355 Scipio
2439 1291 2622 1339 missus

1559 1362 1613 1411 in
1648 1364 1951 1427 Hispaniam
1992 1366 2316 1428 proconsule,
2356 1366 2479 1415 licet
2500 1378 2622 1430 qua-

1561 1445 1675 1487 tuor
1695 1439 1884 1489 Poenos
1909 1441 2067 1489 duces
2104 1440 2241 1490 hello
2278 1440 2628 1505 profligasset,

1562 1520 1697 1563 teste
1744 1514 1889 1564 Livio
1930 1515 1962 1564 l.
1994 1528 2197 1565 xxvm.
2232 1522 2286 1565 et
2324 1516 2623 1579 Plutarcho,

1559 1597 1789 1638 attamen
1814 1590 2131 1652 triumphare
2154 1606 2255 1641 nou
2280 1592 2472 1655 potuit.

1622 1666 1639 1692 ‘
1664 1664 1805 1726 Res,’
1846 1664 2016 1728 iuquit
2060 1664 2203 1715 Plut.
2246 1667 2263 1693 ⁴
2305 1664 2621 1730 amplissimo

1561 1738 1819 1802 triumpho
1865 1740 2047 1803 dignas
2088 1740 2336 1789 censebat
2380 1748 2623 1803 senatun

1558 1814 1651 1865 sed
1672 1815 1794 1880 quia
1814 1814 2005 1863 nemini
2028 1814 2194 1864 adhuc
2216 1816 2525 1880 contigerat,
2562 1822 2623 1865 ut

1555 1906 1673 1941 cum
1696 1893 1969 1955 proconsul
1992 1898 2047 1943 et
2076 1892 2187 1941 sine
2210 1894 2519 1958 magistratu
2542 1882 2625 1943 es·

1555 1978 1657 2032 set,
1676 1982 1771 2032 pro
1793 1970 1949 2019 rebus
1973 1972 2133 2035 gestis
2170 1972 2504 2036 triumphanti
2542 1972 2619 2021 in-

1553 2046 1671 2095 vehi
1693 2046 1877 2096 liceret
1908 2047 1963 2095 in
1984 2046 2211 2107 Urbem3
2247 2062 2344 2095 nec
2380 2048 2621 2111 patribus

1553 2123 1720 2171 visum
1740 2129 1844 2185 est,
1858 2136 1957 2171 nec
1977 2123 2087 2185 ipse
2109 2122 2281 2186 Scipio
2304 2136 2621 2186 magnopere

1555 2196 1847 2259 contendit,
1888 2204 1945 2247 nt
1985 2212 2117 2247 novo
2156 2198 2393 2262 exemplo
2420 2212 2619 2247 morem

1556 2273 1824 2336 majorum,
1848 2273 1925 2321 sui
1948 2286 2119 2333 censa,
2143 2272 2557 2322 consummarent!

1622 2350 1811 2413 sieque
1848 2350 2144 2413 Pompeius,
2166 2350 2391 2399 omnium
2433 2350 2619 2399 Rome·

1557 2440 1738 2475 norum
1780 2426 1991 2491 primus,
2016 2440 2079 2475 ex
2118 2426 2323 2490 privato
2347 2426 2625 2491 proconsul

1557 2499 1751 2562 factus,
1768 2507 1826 2550 et
1849 2501 1999 2550 victis
2020 2501 2253 2551 hostibus
2276 2502 2329 2551 in
2349 2502 2627 2566 Hispanis,

1559 2591 1623 2625 ae
1666 2590 1785 2625 mox
1830 2577 1883 2625 in
1930 2574 2130 2641 Africa,
2150 2578 2296 2627 binos
2338 2578 2624 2643 triumphos

1559 2651 1687 2715 egit.
1738 2652 1925 2701 Cicero
1948 2652 2001 2700 iu
2022 2652 2203 2701 Manil.
2225 2654 2240 2681 ‘
2261 2652 2403 2704 Quid
2428 2659 2533 2702 tam
2550 2653 2627 2703 in·

1558 2726 1827 2788 credibile,
1838 2738 1989 2790 quam
2011 2734 2067 2776 ut
2084 2727 2272 2776 iterum
2290 2728 2462 2793 Eques
2478 2730 2626 2779 Rom.

1557 2816 1625 2850 ex
1646 2802 1747 2850 SC.
1772 2801 2113 2864 triumpharet
2133 2800 2167 2849 ?'

1624 2874 1727 2924 Sed
1751 2876 1871 2938 quia
1906 2876 2005 2924 hoc
2040 2877 2153 2925 loco
2174 2875 2349 2925 Taciti
2372 2876 2545 2940 egitur
2560 2874 2625 2927 de

1563 2952 1954 3015 proconsulatu,
1996 2951 2085 3015 qui
2121 2965 2175 3000 se
2209 2951 2275 3000 ad
2314 2952 2485 3014 plures
2508 2966 2625 3016 pro-

1558 3026 1756 3077 vincias
1796 3027 2120 3089 extenderet,
2152 3028 2219 3077 de
2260 3042 2324 3078 eo
2360 3028 2625 3093 praecipue

1559 3117 1770 3168 egemus
1802 3102 1855 3151 in
1893 3102 2247 3166 sequentibus.
2315 3102 2503 3168 Itaque
2526 3118 2623 3168 pro

1561 3196 1651 3231 suo
1660 3181 1782 3245 jure
1804 3186 2013 3243 poteret
2028 3180 2301 3242 proconsul
2316 3194 2469 3241 agere
2484 3180 2625 3228 idem

1560 3258 1696 3323 quod
1724 3256 1843 3307 olim
1868 3256 2118 3306 Consules
2159 3262 2215 3304 et
2252 3255 2515 3302 Proetores
2556 3254 2625 3304 ed

1559 3332 1751 3383 bellum
1776 3330 2015 3395 profecti,
2035 3330 2227 3379 milites
2251 3328 2500 3392 scribere,
2534 3342 2625 3394 pe-

1553 3409 1738 3461 cunias
1760 3408 1993 3470 exigere,
2016 3406 2291 3468 imperare,
2328 3418 2393 3453 ec
2428 3420 2624 3457 summe

1559 3500 1676 3535 curn
1720 3488 1983 3547 potestate
2022 3482 2217 3529 versari
2256 3479 2310 3529 iu
2343 3480 2623 3543 provinciis

1557 3562 1655 3611 sibi
1678 3560 1921 3620 decretis,
1946 3564 1999 3607 et
2024 3558 2123 3607 hoc
2146 3556 2425 3620 imperium
2446 3566 2623 3608 extra-

1559 3635 1888 3697 ordinarium,
1899 3640 1952 3683 et
1970 3645 2125 3695 supra
2140 3632 2279 3694 ipsos
2298 3634 2625 3694 proconsules

1561 3712 1663 3761 fuit
1684 3726 1745 3761 ac
1770 3716 2038 3774 praetores.

1628 3788 1745 3837 Hoc
1782 3786 2051 3849 imperium
2084 3784 2333 3849 Pompeio
2378 3786 2623 3837 traditum

1562 3862 1703 3913 bello
1728 3862 1975 3921 Piratico,
1995 3866 2010 3889 ⁸
2037 3868 2095 3908 nt
2119 3866 2433 3923 potestatem
2466 3860 2623 3911 babe-

1563 3944 1649 3988 ret
1687 3936 1978 4001 imperandi
2008 3936 2256 3999 Regibus,
2300 3934 2625 3999 presidibus,

1563 4012 1885 4075 civitatibus,
1908 4018 1968 4062 ut
1981 4012 2233 4075 juvarent
2265 4026 2321 4061 sc
2342 4010 2495 4060 rebus
2516 4022 2621 4058 om-

1565 4091 1749 4141 nibus:
1798 4090 1889 4139 Sic
1911 4089 2137 4152 Appian.
2159 4089 2312 4137 Mith.
2328 4087 2459 4136 etin
2476 4087 2625 4135 meri·

1567 4165 1720 4213 timae
1742 4164 2051 4229 provincias,
2070 4177 2230 4228 usque
2250 4163 2315 4213 ed
2328 4166 2427 4213 4⁰⁰
2438 4162 2627 4229 stadis,

1565 4240 1883 4292 extendebat
1902 4238 2189 4305 imperium.
2510 4259 2515 4266 ·
