3200 4934
2507 370 2684 437 lffl)

474 520 763 587 occultae
790 516 879 584 ad
912 516 985 583 id
1012 517 1297 602 tempus,
1340 518 1940 602 proscriberentur:
1985 520 2274 587 omissas
2301 522 2682 607 petitionea⁸

477 640 607 687 non
632 622 807 687 ultra
832 618 1111 685 annumb
1150 625 1583 689 resumerent:
1629 620 1871 687 Romae
1918 621 2198 703 Praetor,
2239 644 2360 708 per
2405 627 2679 709 provin·-

474 380 527 435 J.
554 380 615 431 e.
635 380 745 445 ra]
1158 373 1569 429 Anxanum
1620 378 1764 427 ma.
1813 378 1988 430 xlii.

475 828 685 891 publice
723 832 1165 891 proponerentur-3
1184 827 1493 891 -praeteritas
1526 828 1822 879 exactione·
1854 844 1956 880 non
1976 831 2306 883 retraherent
2327 832 2466 883 ultra
2487 846 2674 883 mum

474 906 649 950 anum
681 898 877 957 praetor
896 892 950 943 in
971 892 1121 955 urbe,
1142 899 1199 943 et
1218 893 1272 942 in
1305 892 1582 957 provinciis
1604 894 1692 959 qui
1729 909 1822 958 pro
1846 902 2072 958 praetore
2112 903 2205 947 aut
2237 898 2449 947 consule
2481 912 2673 981 praes-

1468 1055 1682 1105 NOTAE

471 1192 523 1233 et
543 1191 619 1247 ut,
650 1183 741 1233 lite
765 1187 897 1247 orta,
922 1182 987 1233 ad
1012 1196 1097 1233 eas
1118 1184 1261 1249 leges
1284 1183 1528 1249 confuge·
1610 1187 1892 1247 ‹tu-agesimo
1928 1186 1980 1237 in
2004 1187 2125 1238 Asia
2161 1188 2295 1251 egit.-
2327 1202 2429 1239 non
2458 1188 2669 1253 publica-

470 1268 587 1310 rent
626 1260 878 1324 oppressi.
943 1258 1168 1309 Fallitur
1199 1262 1441 1313 Donatus
1476 1262 1529 1310 in
1609 1278 1736 1313 anm.
1807 1264 2123 1314 Gronovius.

467 1332 651 1383 frande
664 1335 1048 1399 publicanorum
1060 1335 1386 1399 explicanda.
1406 1336 1529 1385 Non
1674 1338 1772 1401 Vel
1812 1352 2016 1401 prorsus
2057 1351 2192 1388 nova
2229 1338 2428 1389 tributa
2459 1340 2668 1391 adinve—

470 1410 608 1459 enim
630 1416 810 1459 vetera
824 1409 899 1458 illi
918 1410 1258 1471 renovabant,
1280 1410 1376 1460 sed
1398 1426 1530 1459 nova
1608 1409 1836 1477 aiebant,
1855 1412 1999 1476 quasi
2023 1412 2139 1477 lege
2161 1420 2342 1463 sancta
2365 1428 2427 1464 ac
2450 1415 2666 1466 decreta

467 1484 813 1535 inveniebant.
868 1486 1007 1535 Nam
1029 1500 1147 1535 cum
1170 1486 1273 1549 lex,
1294 1487 1403 1537 sive
1426 1486 1528 1535 for·
1609 1492 1798 1549 essent,
1831 1487 1934 1549 vel,
1955 1488 2053 1539 snb
2093 1488 2384 1539 nominibus
2411 1494 2670 1555 veteram,

465 1560 603 1607 mula
632 1564 689 1609 et
720 1560 895 1622 capita
916 1559 1293 1624 conductionis,
1316 1576 1417 1611 non
1440 1574 1519 1610 es-
1595 1576 1696 1625 per
1731 1559 1966 1613 fraudem
2002 1563 2103 1615 alia
2133 1564 2342 1616 nomina
2373 1565 2664 1617 introduco-

464 1642 583 1683 sent
614 1634 896 1698 invulgata,
916 1635 1197 1699 exigebant
1218 1638 1521 1702 quibusdam
1605 1638 1747 1699 bant,
1769 1652 1882 1701 que
1909 1638 2070 1687 veluti
2111 1652 2209 1701 per
2243 1640 2664 1705 consequentiam

462 1710 768 1774 nominibus,
822 1712 1005 1775 quibus
1068 1727 1365 1764 concessum
1419 1728 1522 1764 non

454 1794 577 1839 ‚erat
600 1802 695 1852 per
734 1790 922 1851 legem,
955 1804 1127 1854 neque
1163 1805 1389 1855 unquam
1413 1789 1523 1843 fue·

464 1872 561 1913 rat.
632 1862 741 1913 Has
765 1872 917 1913 vocat
932 1865 1143 1914 Tacitus
1180 1870 1323 1915 nouas
1342 1866 1523 1917 uerbi-

456 1944 601 2001 toetes,
618 1946 675 1989 et
692 1939 880 1989 murino
902 1940 1199 1989 exactionum
1218 1942 1517 1992 illicitarum.

462 2015 765 2077 Exemplum
789 2023 869 2063 est
889 2014 1026 2077 apud
1046 2016 1351 2066 Ciceronem
1374 2016 1410 2066 l.
1428 2031 1515 2066 ιιι.

460 2091 511 2139 in
535 2092 782 2139 Verrem:
808 2090 823 2116 ‘
847 2091 925 2138 Ex
950 2092 1088 2139 omni
1112 2091 1350 2156 pecunia,
1365 2108 1517 2157 quam

460 2164 749 2214 aratoribus
768 2166 969 2215 solvere
992 2166 1233 2229 debuisti,
1249 2168 1409 2217 certis
1430 2183 1517 2217 no-

458 2240 681 2291 minibus
718 2241 1057 2291 deductiones
1094 2242 1207 2292 fleri
1244 2243 1507 2295 solebant:

456 2318 677 2379 primurn
720 2332 815 2381 pro
850 2318 1173 2381 spectatione
1210 2324 1265 2368 et
1290 2319 1514 2383 collybo,

456 2390 576 2441 dein
608 2393 779 2441 nescio
820 2406 913 2455 pro
954 2406 1053 2455 quo
1095 2392 1313 2441 eerario.
1380 2392 1515 2443 Haec

453 2466 639 2529 omnia,
662 2466 890 2530 judices,
910 2480 1013 2515 non
1038 2480 1208 2515 rerum
1232 2472 1512 2528 certarum,

454 2539 548 2589 sed
584 2540 839 2591 furtorum
876 2541 1360 2625 improbissimorum
1392 2548 1515 2590 sunt

455 2616 743 2668 vocabula!

522 2692 747 2741 Caesari.
768 2705 857 2742 ιιι.
876 2692 941 2742 de
967 2693 1102 2742 bello
1119 2693 1257 2743 civil.
1277 2699 1323 2743 1.
1343 2694 1513 2743 ‘Mul-

455 2775 512 2819 ta
539 2774 797 2832 proeterea
836 2768 901 2816 ad
942 2768 1209 2818 avaritiam
1250 2772 1510 2834 excogita-

454 2843 657 2892 bantur.
723 2842 786 2892 In
809 2844 987 2906 capita
1023 2844 1223 2908 singula
1244 2860 1509 2897 servorum

450 2932 514 2967 ac
535 2918 817 2968 liberorum
856 2920 1101 2969 tributum
1134 2920 1510 2985 imponebatur.

451 2995 801 3057 columnaria,
823 2995 1047 3058 ostiaria,
1067 2995 1397 3060 frumentum,
1418 2998 1509 3049 mi—

448 3070 589 3133 lites,
629 3072 865 3134 remiges,
902 3087 1062 3136 arma,
1095 3081 1369 3137 tormenta,
1390 3091 1506 3125 vec-

449 3153 581 3196 turae
605 3148 1006 3211 imperabantur.
1074 3150 1234 3213 Cujus
1259 3152 1331 3199 rei
1356 3152 1505 3201 modo

446 3235 633 3271 nomen
654 3224 873 3285 reperiri
895 3231 1121 3288 poterat,
1134 3226 1230 3274 hoc
1249 3228 1375 3275 satis
1391 3242 1505 3278 esse

448 3299 515 3349 ad
542 3298 797 3361 cogendas
822 3301 1067 3363 pecunias
1083 3302 1395 3351 videbatur!

510 3364 599 3423 Sic'
616 3375 775 3437 igitur
792 3374 877 3423 isti
896 3391 1099 3440 quoque
1116 3374 1399 3427 faciebant.
1434 3380 1504 3427 Et

443 3448 641 3499 licebat
664 3450 843 3499 dolere
877 3466 979 3500 non
1003 3466 1241 3501 recusare
1256 3455 1505 3518 obnoxiis,

444 3524 585 3590 quod
606 3526 869 3590 publicani
888 3542 943 3574 se
951 3527 1072 3589 jure
1088 3542 1178 3576 suo
1197 3530 1292 3587 uti,
1310 3536 1365 3577 et
1381 3530 1504 3578 nihil

444 3600 545 3649 nisi
602 3616 667 3650 ex
716 3602 830 3662 lege
871 3600 1109 3666 flagitare
1148 3604 1501 3655 mentirentur.

446 3674 581 3723 Haec
612 3675 713 3724 illis
736 3678 937 3727 latebra
957 3679 1161 3728 sublata
1182 3686 1283 3739 eat,
1308 3680 1503 3741 legibus

444 3749 693 3814 cujusque
740 3753 930 3813 publici
977 3754 1307 3818 proscriptis:
1366 3756 1501 3805 unde

445 3822 741 3875 didicerunt
762 3828 856 3885 illi,
893 3844 923 3876 a
960 3830 1140 3893 quibus
1181 3832 1503 3895 exigebatur,

447 3899 570 3964 quid
593 3900 864 3961 deberent,
884 3903 1007 3965 quid
1040 3918 1139 3952 non
1163 3906 1435 3956 deberent.

510 3974 727 4024 Frustra
765 3976 922 4024 etiam
965 3992 1029 4025 ex
1052 3979 1284 4028 Suetonii
1310 3984 1498 4045 Vespa-

444 4050 591 4101 siano
614 4052 822 4115 probat,
846 4050 981 4115 quod
1004 4054 1209 4102 aliunde
1232 4056 1356 4104 satis
1378 4060 1498 4105 con-

441 4132 569 4191 stat,
588 4134 647 4177 et
662 4127 877 4191 probari
901 4142 1003 4177 non
1022 4136 1103 4178 est
1118 4144 1344 4179 necesse.
1412 4131 1498 4181 Ibi

444 4202 583 4254 enim
606 4202 859 4255 sincerior
890 4204 1049 4255 lectio
1066 4222 1083 4257 z
1111 4206 1351 4269 publicam
1385 4222 1497 4271 qna-

1605 1711 1706 1760 alia
1725 1726 1792 1761 ex
1815 1712 1926 1761 aliis
1942 1713 2209 1763 elicerent.
2273 1714 2464 1778 sicque
2487 1728 2666 1765 oneru-

1604 1789 1728 1838 bant
1758 1791 1990 1853 pondua;
2038 1790 2263 1853 taliaque
2299 1789 2528 1855 difficile,
2564 1802 2663 1841 nec

1603 1866 1704 1915 nisi
1723 1866 1906 1916 stricta
1927 1865 2045 1929 lege
2066 1866 2421 1917 coerceantur.

1665 1945 1689 1972 ⁸
1713 1940 1925 1989 omissos
1935 1939 2214 2003 petitiones]
2279 1940 2436 1992 Quod
2461 1956 2560 1993 non
2585 1942 2661 1992 in-

1598 2019 1683 2063 tra
1721 2028 1908 2065 annum
1953 2016 2271 2079 persolutum
2315 2022 2484 2065 esset·
2470 2053 2485 2077 ,
2523 2015 2661 2080 quod

1598 2090 1807 2153 exigere
1829 2104 1930 2139 non
1956 2090 2262 2153 potuinent,
2283 2096 2376 2139 aut
2406 2093 2662 2157 neglexis-

1598 2172 1748 2215 sent:
1784 2164 1874 2214 sed
1907 2162 2060 2215 facile
2103 2164 2332 2229 speciem
2369 2179 2662 2231 nomenque

1595 2240 1762 2290 debiti
1797 2240 2070 2291 mutabant
2105 2238 2238 2289 vafri
2273 2240 2554 2307 publicani,
2573 2244 2660 2293 vel

1593 2316 1790 2379 majore
1815 2316 2018 2367 saevitia
2038 2315 2179 2365 intra
2201 2330 2393 2380 paucos
2417 2316 2528 2367 dies
2551 2318 2659 2367 exl-

1596 2392 1820 2453 gebant3
1856 2391 1994 2455 quod
2033 2397 2088 2441 et
2127 2382 2290 2441 exitio
2313 2389 2417 2441 fuit
2441 2392 2658 2443 subditis

1594 2466 1870 2531 sociisque.

1658 2538 1682 2573 δ
1703 2540 1815 2588 Non
1847 2542 1978 2589 ultra
2007 2541 2206 2605 ouum]
2275 2542 2537 2607 Intellige,
2573 2544 2657 2595 vel

1589 2616 1782 2663 omissas
1800 2616 2050 2677 petitiones
2068 2631 2168 2665 non
2195 2620 2381 2667 resumi
2399 2620 2558 2669 licere
2579 2634 2658 2670 se·

1591 2689 1772 2752 quenti
1811 2704 1979 2749 ann03
2016 2693 2098 2740 vel
2132 2692 2328 2742 tributa
2351 2694 2488 2743 intra
2529 2708 2656 2744 eun·

1590 2764 1710 2813 dem
1733 2778 1922 2814 annum
1937 2766 2078 2830 exigi
2094 2767 2318 2827 debere3
2342 2770 2572 2834 alioquin
2590 2784 2653 2820 eo

1590 2854 1715 2889 casu
1736 2840 1903 2889 omissa
1927 2856 2022 2905 pro
2045 2842 2241 2892 amissis
2263 2851 2431 2895 erant.

1655 2915 1814 2979 Puto,
1836 2917 2098 2966 Neronem
2121 2919 2344 2969 voluisse
2368 2919 2542 2970 levare
2563 2934 2655 2985 po·

1592 2990 1766 3053 pulum
1783 2991 1846 3040 ad
1871 2994 2303 3057 praesens,aicque
2322 2994 2565 3058 edixisse,
2583 3010 2651 3048 ue

1586 3067 1790 3116 omissae
1813 3073 1970 3116 antea
1991 3074 2046 3117 et
2069 3068 2205 3118 forte
2239 3084 2270 3117 a
2307 3069 2536 3131 pluribus
2561 3084 2649 3119 an-

1587 3141 1668 3189 nis
1692 3140 2000 3191 tributorum
2025 3143 2303 3207 petitiones
2335 3156 2648 3194 resumeren-

1588 3221 1673 3264 tur
1706 3216 1844 3266 ultra
1877 3232 2062 3266 aunum
2101 3232 2276 3280 unum,
2297 3232 2482 3281 nempe
2505 3220 2647 3270 ultra

1583 3305 1774 3339 annum
1799 3292 2032 3342 ultimum
2050 3298 2106 3341 et
2128 3301 2457 3356 praesentem,
2479 3308 2647 3359 neque

1586 3377 1835 3418 vexarent
1853 3368 2110 3432 publicani
2129 3368 2350 3431 plebem,
2365 3370 2646 3421 multorum

1581 3458 1830 3494 annorum
1868 3445 2144 3507 vectigalia
2176 3444 2323 3494 simul
2356 3444 2645 3508 exigentes.

1582 3518 1686 3568 Sed
1712 3527 1822 3569 tum
1845 3521 2003 3568 etiam
2026 3518 2210 3570 fallunt
2227 3520 2322 3581 illi,
2346 3522 2466 3585 quia
2487 3522 2647 3571 nomi·

1584 3608 1652 3642 na
1693 3602 1895 3644 mutant
1932 3596 2096 3658 pactis
2133 3596 2349 3659 privatis
2389 3612 2448 3646 ac
2471 3610 2647 3661 perso·

1584 3670 1804 3733 nulibus,
1827 3677 1882 3721 et
1918 3678 2102 3733 postea
2138 3686 2204 3721 ex
2241 3674 2510 3722 commodo
2551 3686 2644 3723 suo

1582 3746 1798 3807 exigunt
1850 3747 1993 3810 talia,
2045 3747 2190 3813 quasi
2257 3748 2440 3798 debita
2495 3748 2643 3799 bona

1580 3820 1720 3869 fidei.
1805 3856 1812 3861 -
2609 3842 2616 3851 ·

1652 3898 1798 3947 Ultra
1817 3898 2016 3961 mum]
2065 3900 2128 3948 In
2150 3901 2478 3963 praeteritum
2499 3912 2642 3950 nent-

1581 3986 1664 4035 με.
1736 3974 1873 4023 Nam
1914 3974 1956 4023 si
2001 3974 2067 4023 de
2111 3974 2288 4024 futuro
2329 3980 2528 4036 ageret,
2561 3974 2640 4025 sic

1579 4050 1738 4111 magis
1755 4049 1991 4101 subditos
2012 4052 2278 4114 sociosque
2307 4050 2639 4100 divexusent

1564 4124 1856 4191 publicani,
1877 4132 1934 4175 et
1953 4124 2112 4233 nimia
2131 4124 2468 4176 festinatione
2481 4124 2639 4191 Jugu-

1577 4197 1767 4249 latent.
