3200 4934
620 374 801 442 1156
2495 387 2588 454 [Α.
2611 390 2680 440 υ.
2697 347 2826 440 sos.

620 533 769 600 Nec
806 531 925 596 diu
962 528 1485 616 anquirendum,¹
1540 530 1702 615 quin
1745 527 2128 612 Agrippina
2154 526 2544 593 claritudine
2569 530 2840 612 gena-is·

614 634 930 701 anteiret:
961 634 1191 699 datum
1218 633 1305 698 ab
1332 651 1419 697 ea
1444 631 1902 698 foecunditatis
1931 630 2456 712 experimentum
2479 636 2532 694 :¹²
2557 635 2838 713 eroon--

617 755 841 819 gruere
888 741 1063 800 artes
1108 735 1472 799 honestas?
1558 734 1644 797 Id
1673 753 1834 797 vero
1885 730 2241 814 egregium,
2295 729 2501 814 quod,
2547 730 2836 814 provisu·

620 838 865 915 Deum,
898 839 1104 903 vidua
1136 837 1547 919 jungeretur?
1591 834 1916 918 Principi,
1965 853 2091 897 sua
2117 836 2375 897 tantum
2402 833 2830 897 matrimonia.

1335 390 1401 437 G·
1444 387 1642 440 coitu
1653 385 1810 434 8:011
1854 385 2116 438 'lucrm

617 1009 804 1069 ditate,
840 1016 897 1058 et
921 1009 1220 1057 castimonia
1263 1006 1507 1056 anteiret.
1574 1008 1690 1055 Nec
1714 1005 1802 1054 diu
1825 1003 2176 1069 quaerendum‚
2212 1009 2296 1053 eut
2333 1003 2655 1064 dubitandus,
2694 1005 2829 1068 quin

618 1074 909 1138 Agrippina
930 1073 1202 1121 nobilitate
1235 1069 1441 1119 familiae
1476 1070 1839 1134 praeeeileretz
1876 1083 1990 1117 eam
2022 1069 2310 1131 puerperiis
2329 1068 2600 1131 insignem,
2631 1075 2686 1117 et
2707 1082 2830 1117 eon-

616 1139 795 1196 venite
826 1137 1060 1198 egregias
1082 1143 1237 1184 artes.
1304 1137 1375 1184 Et
1412 1133 1543 1183 iliud
1582 1134 1824 1184 eximium
1860 1148 1976 1194 esse,
2016 1132 2152 1196 quod
2191 1132 2516 1194 providentia
2537 1133 2834 1206 numinum,

617 1201 772 1251 vidua
792 1201 1015 1250 nuberet
1036 1199 1250 1262 Caesari,
1283 1199 1371 1263 qui
1407 1213 1524 1248 suas
1560 1204 1761 1248 tantum
1783 1211 1972 1247 uxores
2011 1197 2279 1246 habuerit:
2317 1197 2580 1261 accepisse
2605 1211 2636 1245 a
2656 1205 2822 1261 pat-ri·

1542 1325 1718 1344 ‘‘‘‘‘

1720 1324 1896 1344 000000

680 1413 707 1459 1
742 1409 829 1459 Sic
853 1409 1084 1458 Pichena
1106 1423 1172 1456 ex
1205 1407 1307 1456 Ms.
1344 1407 1483 1456 Flor.
1520 1411 1578 1454 et
1613 1403 1946 1456 recentiores.
2012 1405 2076 1454 In
2100 1405 2226 1456 Μαι.
2260 1404 2434 1454 Vatic-
2471 1403 2624 1456 Hari.
2665 1403 2822 1454 Bodl.

615 1475 731 1526 Jes.
752 1487 819 1524 ex
840 1473 1157 1524 editionibus
1180 1473 1461 1533 veteribus,
1480 1469 1830 1537 inquirendum.

1613 1597 1832 1648 NOTAE

612 1714 795 1778 ditque
812 1713 1143 1776 impudenter
1155 1715 1399 1764 Vitellius
1414 1714 1680 1765 eonscien-

614 1789 705 1837 tie
728 1789 903 1852 popuii
924 1790 1073 1837 Rom.
1095 1789 1181 1853 qui
1210 1797 1393 1851 stupro
1424 1789 1674 1850 illigatum

613 1865 809 1920 sciebat
845 1865 1186 1928 Agrippinam
1222 1880 1337 1915 cum
1372 1865 1588 1928 Lepido,
1621 1871 1676 1914 et

613 1955 731 1991 eum
754 1941 867 2004 ipso
899 1939 1063 1990 fratre
1096 1941 1241 2002 Caio,
1264 1947 1319 1990 et
1358 1941 1593 1990 Pallante
1617 1940 1676 1988 li-

610 2016 787 2079 bert03
836 2031 939 2066 non
985 2016 1155 2066 dicam
1200 2030 1317 2065 eum
1349 2016 1566 2078 Seneca,
1615 2023 1674 2066 ut

614 2091 735 2154 Dio,
767 2092 861 2142 sed
898 2108 1016 2142 cum
1054 2091 1341 2154 Tigellino:
1418 2090 1673 2140 Adulatur

607 2168 694 2217 iile
710 2169 909 2219 delator
925 2169 1261 2218 dominatum
1284 2167 1521 2231 foeminoe,
1534 2168 1676 2232 quod

612 2243 767 2293 facile
788 2243 1000 2304 homini,
1016 2249 1072 2292 et
1094 2244 1235 2308 quasi
1258 2242 1488 2294 innatum
1508 2242 1624 2294 fuit.

676 2323 700 2351 ¹¹
734 2315 1099 2379 Faus-ditatu]
1136 2317 1253 2366 Hoc
1277 2332 1455 2366 verum
1480 2317 1545 2366 de
1569 2318 1672 2380 pri-

610 2393 695 2440 'mo
739 2392 853 2456 eJus
909 2393 1238 2443 matrimonio
1278 2407 1395 2442 cum
1443 2395 1675 2443 Domitio

610 2465 926 2528 AEnobarbo,
981 2469 1071 2516 sed
1115 2459 1170 2516 in
1214 2468 1427 2517 exitium
1470 2469 1674 2532 generis

610 2543 837 2594 humani.
902 2544 973 2592 Et
1006 2557 1132 2594 vei-e
1162 2543 1450 2604 Domitius,
1484 2558 1599 2592 eum
1623 2545 1671 2593 ei

608 2620 898 2683 suscepisse
917 2618 1077 2667 filium
1113 2621 1459 2680 nuntiaretur,
1495 2621 1671 2670 amicis

609 2695 765 2756 dixit,
807 2711 875 2744 ex
920 2695 1213 2761 Agrippina
1250 2704 1307 2747 et
1346 2712 1413 2746 ex
1446 2713 1501 2747 se
1545 2697 1673 2747 nihil

608 2769 730 2821 boni
756 2773 900 2821 nasei
925 2785 1091 2836 posse.

674 2846 752 2897 At
773 2861 887 2897 cum
917 2847 1148 2898 secundo
1180 2847 1369 2896 marito
1400 2845 1672 2908 Passieno,

608 2935 777 2987 neque
821 2938 937 2972 eum
983 2924 1161 2984 tertio,
1202 2922 1419 2974 Claudio
1465 2936 1674 2984 nempe,

596 2997 805 3056 nullum
836 2997 947 3059 ipsa
981 2995 1332 3046 foecunditatis
1352 2995 1676 3058 experimen-

608 3077 718 3118 tum
738 3069 917 3119 dedit:
953 3071 1105 3133 longe
1146 3069 1345 3118 felicius
1382 3077 1438 3118 et
1476 3070 1575 3132 ipsi
1616 3076 1672 3120 et

608 3145 836 3210 Reipub.
878 3143 1057 3207 fuerit,
1090 3146 1133 3194 si
1172 3158 1428 3210 nunqnam
1468 3146 1672 3208 genuis-

603 3227 702 3272 set.

672 3297 1017 3347 Pecu-dicatis
1070 3295 1466 3360 experimentum]
1532 3295 1670 3348 Quia

604 3385 671 3423 ex
692 3375 928 3424 Domitio
952 3375 1215 3425 Neronem
1233 3373 1478 3437 suscepit.
1530 3374 1665 3421 Nam

604 3462 671 3496 ex
696 3447 883 3510 Crispo
922 3450 1162 3498 Passieno
1197 3449 1275 3498 bis
1309 3447 1539 3508 consule,
1582 3449 1667 3496 eui

602 3521 832 3570 seeundo
852 3523 1047 3586 nupsit,
1070 3524 1235 3571 nullos
1258 3521 1435 3584 genuit
1458 3522 1664 3570 liberos.

604 3593 881 3660 Colligitur
902 3610 970 3646 ex
992 3597 1203 3646 Sueten.
1228 3597 1356 3646 Ner.
1379 3601 1429 3646 σ.
1452 3599 1469 3624 ‘
1495 3592 1672 3660 Crispi

601 3673 833 3722 Passieni
852 3673 1027 3722 vitrici
1048 3674 1127 3722 sui
1144 3673 1453 3724 baereditate
1470 3672 1667 3723 ditatus

602 3747 722 3804 est,'
758 3749 899 3797 Nero
916 3763 1118 3811 nempe.

669 3823 821 3874 Quod
854 3837 957 3872 non
976 3821 1146 3884 fieret,
1169 3824 1213 3871 si
1246 3823 1495 3872 Passieno
1516 3823 1668 3872 liberi

602 3895 853 3948 fuissentz
906 3899 1046 3948 illam
1084 3898 1220 3948 haud
1260 3898 1419 3950 dubie
1462 3915 1666 3950 sueces-

602 3975 799 4024 sionem
852 3979 1095 4038 captarat
1166 3976 1373 4038 ingenio
1423 3976 1665 4026 muliebri

604 4047 909 4113 Agrippina,
961 4064 1177 4116 eamque
1224 4051 1521 4104 obtinuerat
1556 4052 1665 4103 filio

602 4137 692 4173 suo
718 4125 931 4188 Neroni,
952 4132 1021 4175 ‘ut
1046 4131 1227 4191 postea
1260 4126 1609 4192 principatum
1633 4143 1666 4177 a

606 4197 843 4251 Claudia.
906 4202 979 4251 Et
999 4208 1269 4268 postquam
1290 4210 1662 4255 testamentum

1757 1717 1814 1760 et
1857 1725 1982 1774 opes
2038 1711 2384 1772 demeruerat,
2421 1709 2610 1776 bouum
2653 1701 2832 1767 virum.

1756 1800 1955 1836 veneno
1971 1784 2240 1836 interfecit
2255 1785 2421 1848 proba
2441 1786 2667 1842 foemina.

1820 1869 1852 1914 ⁰.
1877 1864 2023 1912 Artes
2057 1863 2295 1926 honestas]
2348 1863 2590 1928 Intellige
2628 1863 2821 1914 doctri-

1757 1951 1890 1996 nam,
1927 1939 2298 2002 eloquentiam,
2347 1939 2662 2002 comitatem,
2701 1954 2822 2003 pru-

1757 2015 1986 2066 dentiam
2031 2030 2222 2076 rerum,
2259 2024 2560 2082 ceterasque
2604 2016 2824 2066 eximias

1755 2098 1914 2152 artes,
1949 2092 2145 2155 quibus
2190 2091 2566 2142 excolebantur
2608 2093 2820 2156 ingenia

1751 2165 2138 2230 splendidarum
2153 2169 2417 2217 mulierum
2436 2183 2498 2218 eo
2515 2184 2644 2218 oevo.
2681 2168 2818 2218 Nam

1753 2249 1808 2292 et
1827 2243 2150 2306 elegantibus
2169 2243 2547 2292 commentariis
2573 2256 2691 2292 suos
2708 2256 2824 2292 suo-

1756 2332 1970 2382 rumque
1990 2334 2136 2367 casns
2147 2309 2826 2384 descripseratAgrippina,⁸

1755 2393 1842 2454 qui
1883 2394 2240 2444 commentarii
2281 2395 2558 2445 laudantur
2595 2395 2662 2446 ab
2702 2396 2815 2462 ipso

1752 2469 1955 2519 Tacito.

1817 2553 1844 2587 Ρ
1884 2545 2358 2608 Viduujungeretur]
2405 2545 2579 2596 Vidua
2612 2551 2724 2597 erat
2745 2545 2820 2596 A·

1753 2621 2011 2685 gripphia,
2043 2629 2267 2682 mortuo,
2304 2623 2402 2672 sub
2437 2623 2585 2672 initia
2611 2621 2818 2687 imperii

1752 2696 2042 2756 Claudiani,
2081 2697 2267 2760 Crispo
2293 2696 2556 2759 Passieno,
2591 2698 2678 2746 cui
2701 2705 2821 2761 post

1753 2771 2038 2820 Domitium
2065 2777 2329 2835 nupserat.
2397 2773 2598 2824 Plinius
2634 2773 2671 2822 1.
2694 2787 2815 2830 xvi.

1749 2845 2037 2896 ‘Arborem
2081 2848 2210 2895 mori
2250 2847 2487 2896 eximiam
2520 2856 2678 2900 aetate
2701 2864 2818 2899 nos-

1755 2928 1834 2971 tra
1872 2921 2131 2970 adamavit
2171 2923 2446 2971 Passienus
2483 2923 2696 2988 Crispus
2732 2923 2815 2996 bis

1751 2995 1952 3055 consui,
1990 3003 2184 3056 orator,
2224 2995 2530 3059 Agrippinae
2556 2998 2814 3049 matrimo-

1751 3071 1838 3119 nio
1857 3078 1913 3121 et
1938 3072 2148 3120 Nerone
2173 3070 2410 3136 privigno
2433 3073 2638 3122 clarus?
2697 3061 2706 3068 ⁶

1813 3146 2030 3196 sueton.
2055 3147 2296 3197 Nerone:
2330 3145 2557 3196 ‘Verum
2591 3149 2813 3200 Claudio

1748 3220 2018 3283 imperium
2041 3221 2254 3284 adepto,
2293 3237 2398 3272 non
2437 3223 2610 3272 solnm-
2637 3232 2816 3287 pater-

1747 3309 1838 3342 nas
1877 3309 2002 3358 opes
2039 3298 2385 3361 recuperavit,
2416 3299 2506 3348 sed
2547 3305 2603 3350 et
2641 3291 2816 3366 Crispi

1751 3370 1982 3419 Passieni
2010 3371 2178 3421 vitrici
2218 3374 2296 3421 sui
2329 3373 2640 3424 haereditate
2676 3367 2816 3432 dita-2

1751 3453 1832 3495 tus
1857 3447 1969 3496 eut.⁹
2032 3449 2221 3498 Tamen
2256 3447 2391 3498 idem
2417 3449 2503 3501 iiie
2537 3446 2812 3500 Passienus

1747 3529 1902 3572 antea
1921 3523 2136 3574 maritus
2173 3523 2418 3574 Domitiae
2442 3527 2627 3574 sororis
2663 3524 2813 3576 AEnoss

1747 3596 1914 3648 barbi.
2805 3591 2814 3598 ⁸

1811 3671 1967 3724 Quod
2003 3689 2070 3723 ex
2105 3673 2426 3725 Quintiliano
2449 3673 2657 3738 colligas
2681 3676 2713 3724 l.
2732 3689 2808 3726 vr.

1747 3761 1796 3796 e.
1823 3753 1900 3797 ll.
1969 3746 2126 3812 Apud
2155 3749 2404 3799 Senecam
2420 3749 2486 3800 ‹le
2507 3751 2604 3799 hoc
2625 3750 2808 3800 eodem

1747 3825 1783 3874 l.
1805 3841 1881 3876 xv.
1907 3827 2096 3876 Natur.
2116 3829 2313 3880 Quaest.
2337 3826 2516 3877 initio:
2554 3833 2570 3858 ⁸
2594 3829 2808 3892 Crispus

1746 3901 2040 3966 Passienus,
2094 3921 2196 3971 quo
2241 3908 2314 3956 nil
2354 3908 2474 3957 novi
2516 3908 2717 3958 acutius
2755 3909 2808 3958 in

1745 3979 1978 4028 omnibus
1995 3980 2168 4042 rebus,
2185 3983 2403 4032 maxime
2421 3985 2473 4032 in
2494 3984 2810 4049 distinguen-

1744 4053 1824 4102 dis
1862 4053 2093 4117 (omnino
2138 4057 2291 4107 scrib.
2329 4057 2695 4120 distringendis)
2751 4065 2811 4108 et

1743 4129 1982 4179 eutrandis
2003 4130 2334 4198 vitiis,²saepe
2366 4131 2592 4196 dicebat,
2629 4123 2807 4184 adula-

1745 4203 1872 4254 tioni
1895 4219 2024 4270 opus
2044 4221 2180 4280 esse,
2201 4221 2304 4284 non
2326 4209 2572 4260 claudere
2593 4209 2805 4282 ostium,
