3200 4934
518 351 691 418 1242

1214 366 1278 413 0.
1326 360 1686 412 ooaNBLu
1738 359 1999 408 'Pactu

2395 362 2487 428 [Α.
2507 365 2726 418 meu.

520 510 748 574 ritate?
788 509 1013 586 vultis,
1060 507 1373 591 sequitur,
1404 511 1477 571 ut
1504 466 1732 571 omnes
1763 505 2142 590 servitutem
2167 503 2500 585 accipiant
2517 506 2550 567 ‘t
2639 503 2724 568 si

522 611 772 675 attitim‘¹
800 609 1059 673 deditus
1088 610 1409 688 traderer3
1453 625 1670 690 neque
1713 623 1866 668 mea
1893 605 2175 684 fortuna,
2199 623 2413 687 neque
2439 609 2553 668 tua
2580 605 2724 687 glo-

523 811 707 868 sponte
728 805 963 868 perdidi?
1028 806 1187 864 Num,
1219 806 1262 854 si
1298 821 1386 855 vos
1420 806 1654 855 omnibus
1684 803 1932 854 dominari
1957 803 2164 867 cupitis,
2187 803 2435 867 sequitur,
2466 809 2525 852 ut
2545 814 2728 852 omnes

522 870 719 920 servitii
731 871 918 934 jugum
938 871 1074 920 ultro
1092 869 1341 920 induant?
1374 870 1429 919 Si
1448 871 1622 919 statim
1639 883 1723 918 me
1745 867 2085 918 dedidissem!
2122 882 2288 934 neque
2299 882 2415 917 mea
2436 866 2726 930 calamitas,

1510 1071 1731 1124 NoTAE

523 1199 631 1264 qui,
648 1204 704 1248 et
726 1213 825 1248 non
850 1205 1035 1264 sponte
1056 1198 1277 1264 perdidi.
1335 1199 1449 1249 Nec
1464 1197 1584 1247 ideo

524 1289 645 1326 reus
671 1274 833 1324 videri
856 1275 1057 1336 debeo;
1092 1290 1194 1324 non
1232 1282 1377 1324 certe
1416 1289 1586 1323 meum

523 1349 595 1412 id,
618 1351 709 1401 sed
730 1349 956 1402 fortnnae
978 1353 1148 1402 scelus
1164 1359 1264 1415 est,
1284 1354 1366 1402 sed
1381 1366 1589 1415 presens

522 1439 621 1474 sors
641 1441 761 1488 mea,
780 1432 837 1476 ut
853 1426 972 1476 ’nilus'
990 1427 1227 1493 indecora,
1258 1425 1332 1476 sic
1356 1426 1449 1476 tibi
1473 1427 1581 1490 glo-

525 1501 663 1550 riosa
682 1508 781 1552 est.

588 1585 615 1618 1)
666 1578 780 1628 Non
820 1580 865 1628 si
908 1594 989 1628 vos
1029 1578 1241 1630 omuibus
1292 1575 1585 1642 imperitare]

524 1653 717 1716 Vulgo,
750 1669 860 1703 nam
896 1656 942 1703 si
974 1670 1073 1717 eos,
1110 1659 1241 1704 διας
1291 1653 1428 1718 quod
1464 1667 1587 1702 vero

524 1727 652 1778 falso
685 1734 743 1778 et
776 1729 955 1793 inepte
990 1730 1197 1781 dicitur.
1262 1731 1393 1780 Idne
1412 1744 1588 1780 conse-

526 1817 764 1868 seqnens‚
796 1811 857 1853 ut
879 1807 968 1868 qui
991 1807 1131 1869 velit,
1163 1806 1300 1870 quod
1321 1805 1447 1855 velit
1470 1819 1586 1868 pos-

527 1878 630 1944 siti
695 1879 808 1942 Ego
824 1894 909 1928 me
926 1881 1293 1932 Britannorum
1312 1896 1486 1945 regem
1509 1895 1586 1930 es-

528 1967 584 2002 se
610 1954 759 2004 volo:
792 1954 869 2004 illi
894 1955 1192 2020 accipiant?
1236 1958 1466 2008 Emendo
1485 1958 1586 2022 pri-

530 2044 673 2081 orem
718 2032 971 2096 voculam‚
1001 2039 1059 2083 et
1092 2049 1204 2083 nm
1240 2035 1391 2099 legoz
1430 2042 1588 2099 atque

526 2104 605 2154 ita
643 2107 955 2158 sententiam
992 2108 1395 2174 interrogatione
1431 2109 1590 2173 inspi-

528 2195 607 2231 ro.
1574 2200 1583 2206 ·

594 2257 726 2320 Ego,
768 2257 953 2322 inquit,
1004 2259 1151 2309 vobis
1203 2273 1289 2309 me
1339 2260 1587 2323 opposui:

531 2333 655 2396 quid
693 2332 917 2382 mirum?
955 2334 1041 2383 An
1063 2335 1187 2399 quia
1226 2348 1317 2384 vos
1355 2334 1592 2383 omnibns

530 2408 786 2472 imperare
807 2407 983 2472 vultis,
1014 2423 1190 2459 omnes
1224 2409 1399 2460 statim
1433 2411 1611 2472 impe-.

532 2484 636 2532 rari
658 2484 817 2533 etiam
848 2485 1045 2534 velint?
1080 2499 1182 2534 non
1216 2484 1450 2533 hercules
1483 2485 1595 2534 ani-

531 2560 791 2623 mosinius,
812 2567 869 2610 et
896 2561 1064 2611 liberi.
1129 2561 1335 2624 Lipsius.

538 2685 543 2690 ,
596 2635 679 2684 Ex
691 2635 1052 2686 emendatione
1070 2636 1233 2702 Lipsii
1254 2637 1413 2686 edere
1428 2637 1594 2687 visum

532 2709 653 2771 fuit,
672 2725 799 2773 uum,
820 2712 885 2774 si,
908 2713 1163 2762 sententia
1184 2721 1386 2776 promta
1406 2720 1464 2763 et
1484 2728 1597 2762 ora·

532 2785 663 2836 tioni
696 2786 1013 2850 praecedenti
1047 2787 1595 2852 accommodatissima,

535 2875 652 2912 cum
676 2861 728 2910 in
751 2863 917 2912 altera
938 2863 1044 2921 ina,
1071 2877 1200 2926 nam,
1229 2862 1293 2926 si,
1316 2877 1425 2912 non
1439 2877 1596 2926 agno-

535 2951 669 2999 scas,
692 2953 793 3002 quo
815 2939 916 2987 ista
938 2937 1194 3000 dicantur,
1215 2944 1305 2987 aut
1342 2937 1594 3002 quomodo

528 3011 641 3074 jam
664 3011 815 3060 dictis
838 3011 1149 3061 cohaereant.
1212 3012 1396 3073 Pergit
1424 3019 1597 3061 autem

535 3086 731 3136 servire
762 3099 928 3134 causae
966 3099 1088 3147 ωε,
1110 3092 1170 3134 et
1192 3086 1329 3149 quod
1352 3085 1596 3136 Romanis

538 3159 817 3212 restitisset
838 3175 1097 3210 excusare.

602 3236 832 3285 Primum
856 3235 1034 3300 igitur,
1055 3242 1358 3299 argumento
1393 3235 1459 3285 ab
1490 3237 1599 3300 opi-

538 3312 635 3362 bus
656 3312 757 3360 suis
790 3311 949 3361 ducto
972 3325 1114 3372 usus,
1136 3311 1383 3374 ostendit,
1402 3325 1521 3376 ques
1544 3318 1603 3362 et

537 3396 729 3453 quanta
750 3389 1007 3449 amiserit;
1045 3401 1210 3452 eaque
1243 3402 1360 3437 cnm
1394 3387 1499 3436 sint
1532 3403 1600 3437 ex

536 3464 619 3526 iis,
638 3478 753 3525 quoe
776 3463 827 3510 in
850 3463 1006 3512 rebus
1026 3463 1259 3512 humanis
1290 3463 1499 3512 maximi
1520 3477 1602 3512 so·

538 3537 651 3586 lent
687 3536 949 3597 aestimari,
980 3534 1161 3597 infert,
1190 3537 1383 3584 nemini
1414 3536 1602 3584 mirum

538 3612 705 3660 videri
729 3612 953 3672 debere,
965 3611 1008 3659 si
1042 3624 1105 3660 ea
1131 3610 1323 3660 invitus
1356 3611 1606 3676 amiserit,

540 3687 583 3736 si
606 3685 772 3734 donec
793 3693 990 3749 posset,
1010 3686 1251 3736 tenuerit.

603 3763 723 3814 Nec
764 3771 865 3826 est,
904 3765 1088 3828 inquit,
1126 3771 1185 3814 ut
1223 3765 1338 3829 quis
1373 3772 1604 3829 opponat

540 3841 801 3891 Romanos
836 3841 1072 3902 gentium
1104 3841 1337 3890 dominos
1366 3855 1499 3904 esse,
1520 3843 1604 3890 iis·

540 3931 640 3983 que
680 3921 737 3964 ut
772 3915 1068 3965 melioribus
1098 3919 1399 3980 parendum.
1465 3919 1602 3968 Nam

539 3993 696 4042 etiam
720 3991 764 4040 si
784 3991 895 4040 haec
933 3991 1007 4040 ita
1028 3993 1176 4041 vobis
1197 3993 1490 4057 videantur,
1510 3995 1602 4045 alii

542 4073 716 4118 tamen
740 4080 843 4116 non
877 4065 1052 4115 statim
1088 4081 1152 4116 ea
1186 4075 1361 4117 mente
1385 4076 1521 4132 sunt,
1542 4077 1602 4120 nt

536 4143 722 4206 jugum
744 4143 1008 4206 patienter
1030 4143 1308 4208 accipiant,
1331 4146 1423 4196 sed
1456 4147 1604 4198 resis-

538 4224 667 4270 tunt
688 4226 934 4283 quantum
956 4224 1188 4284 possunt.

1727 1194 1834 1245 Sed
1873 1194 2040 1258 ipsam
2074 1193 2213 1243 illam
2242 1192 2634 1258 repugnantiam
2657 1205 2728 1241 ω-

1667 1286 1758 1336 gre
1779 1270 1917 1321 ferre
1940 1286 2041 1320 non
2064 1269 2290 1333 debetis,
2312 1283 2429 1318 cum
2452 1267 2599 1318 vobis
2619 1267 2732 1332 glo·

1665 1347 1794 1396 riam
1837 1353 2052 1410 augeat:
2107 1361 2223 1410 quae
2265 1359 2368 1394 non
2410 1357 2476 1393 ex
2517 1341 2728 1393 levibns

1666 1423 1857 1486 praeiiis
1891 1428 1983 1472 aut
2019 1421 2250 1472 victoriis
2288 1420 2480 1484 absque
2513 1418 2732 1483 pulvere

1668 1499 1830 1563 partis
1855 1500 2039 1562 oritur,
2051 1498 2145 1548 sed
2167 1512 2234 1548 ex
2256 1497 2405 1548 bellis
2427 1493 2732 1560 periculosis

1669 1584 1824 1640 atque
1843 1575 2104 1626 exercitis.

1731 1652 1837 1701 Sed
1861 1658 1974 1702 tota
1994 1653 2106 1702 haec
2129 1651 2313 1713 oratio,
2335 1650 2377 1700 si
2402 1665 2502 1714 qua
2525 1649 2628 1700 alia
2645 1649 2732 1698 his

1668 1727 1830 1790 libris,
1873 1727 2290 1778 artificiosissime
2334 1731 2579 1776 contexta
2627 1730 2734 1788 est,

1669 1818 1841 1867 quam,
1856 1805 2062 1853 volente
2080 1805 2213 1867 Deo,
2233 1804 2285 1851 in
2300 1801 2599 1872 paraphrasi
2615 1815 2734 1851 nos-

1668 1887 1750 1928 tra
1774 1881 2038 1930 resolvam.
2111 1880 2473 1930 Freinshemius.

1731 1957 1950 2019 Ponam,
1993 1972 2085 2006 non
2125 1957 2168 2005 si
2203 1971 2298 2007 cos.
2384 1955 2610 2018 Elegans
2651 1953 2731 2002 lo·

1671 2031 1865 2096 quendi
1887 2046 2046 2095 genus
2078 2038 2135 2080 et
2153 2030 2549 2083 Jurisconsultis
2585 2026 2736 2078 fami-

1669 2107 1819 2169 liare,
1852 2105 2045 2156 fefellit
2081 2107 2444 2170 exscriptores.
2506 2105 2735 2168 Aedpere

1669 2183 1962 2243 seruitutem,
1984 2187 2063 2231 est
2084 2196 2174 2230 sua
2195 2187 2400 2244 sponte,
2429 2186 2486 2234 et
2517 2179 2629 2229 sine
2656 2192 2736 2230 ro-

1672 2259 1788 2307 nisu
1811 2272 1924 2307 eam
1949 2257 2138 2307 subire.
2209 2257 2423 2307 Grotius.

1739 2333 1887 2396 Nam,
1905 2333 1950 2382 si
1968 2332 2071 2395 vos]
2117 2331 2204 2382 Sic
2239 2346 2400 2382 sume.
2465 2331 2606 2384 Quid
2639 2329 2736 2380 mi·-

1673 2423 1805 2471 rum,
1821 2410 1864 2458 si
1880 2410 1992 2458 haec
2009 2407 2173 2470 amisi,
2185 2407 2309 2457 licet
2323 2406 2516 2456 invitus
2533 2407 2553 2454 ?
2593 2407 2736 2470 Nam,

1673 2486 1719 2534 si
1737 2500 1818 2534 vos
1837 2485 2048 2534 omnibus
2065 2485 2338 2548 imperitare
2361 2483 2523 2546 cuuis,
2542 2481 2610 2532 ob
2630 2495 2736 2530 am-

1676 2561 1979 2624 plitudinem
2000 2560 2254 2624 potentie
2289 2564 2496 2622 vestrae,
2528 2558 2738 2622 nequitie·

1675 2637 1987 2701 necessario,
2025 2644 2078 2687 ut
2117 2651 2273 2686 omes
2305 2637 2580 2687 servitute-s
2613 2636 2738 2686 neei-

1739 2789 1839 2838 Vel
1861 2788 1933 2838 sic
1951 2787 2352 2852 interrogative:
2397 2788 2547 2849 Nm,
2579 2787 2626 2835 si
2655 2801 2738 2836 eos

1675 2862 1885 2913 omnibus
1919 2863 2194 2928 imperitare
2226 2863 2388 2927 vultis,
2419 2863 2648 2928 sequitur,
2683 2867 2740 2912 nt

1675 2954 1829 2988 omes
1847 2941 2121 2988 servitutem
2139 2939 2374 3002 accipiat
2389 2937 2416 2989 :1

1738 3021 1764 3055 *ἱ
1797 3014 1855 3063 Sa·
1870 3014 2058 3076 daton]
2097 3014 2150 3063 Si
2173 3013 2346 3064 statim
2369 3028 2450 3063 me
2471 3011 2570 3063 tibi
2592 3012 2739 3062 dedi·

1678 3087 1884 3151 dissem,
1899 3101 2068 3153 neque
2083 3104 2204 3139 mea
2215 3088 2628 3153 fortunasneque
2647 3094 2741 3137 tna

1680 3164 1844 3227 gloria
1879 3164 2218 3228 inclaruisset,
2257 3171 2310 3214 et
2342 3164 2518 3214 statim
2548 3163 2745 3228 snppli-

1680 3239 1815 3286 cinm
1834 3239 1936 3286 mei
1957 3239 2147 3288 oblivio
2165 3245 2490 3304 sequeretur.

1744 3314 1821 3363 At
1841 3315 1886 3363 si
1909 3321 2180 3378 postquam
2208 3316 2383 3378 justus
2403 3315 2582 3378 hostis,
2597 3327 2746 3378 egre·

1683 3388 1778 3452 giis
1809 3387 2124 3438 facinoribus
2164 3389 2288 3438 anxi
2329 3389 2562 3452 gloriam·
2583 3394 2746 3452 tuam,

1681 3463 1804 3512 mihi
1825 3463 2029 3513 veniam
2063 3480 2125 3515 ac
2155 3466 2374 3514 salntem
2407 3464 2748 3527 concesseris,

1683 3547 1932 3590 aeternnm
1975 3542 2241 3605 exemplar
2293 3541 2585 3591 elementiae
2638 3547 2745 3590 tun

1679 3629 1783 3667 cro.

1745 3692 1808 3740 Si
1821 3691 1985 3740 sedon
2000 3691 2208 3755 mus]
2241 3692 2334 3742 Nil
2349 3691 2420 3741 ibi
2437 3689 2744 3741 movendum

1681 3773 1838 3831 puto;
1889 3775 1946 3816 et
1998 3769 2074 3818 sic
2120 3769 2306 3832 capio:
2355 3769 2396 3817 si
2441 3768 2618 3817 statim
2659 3783 2746 3818 me

1681 3841 1774 3892 tibi
1801 3843 2130 3908 dedidissem,
2165 3858 2332 3909 neque
2369 3857 2487 3892 mea
2520 3842 2748 3906 fortuna,

1679 3933 1849 3983 neque
1877 3927 1970 3969 tua
2003 3920 2167 3983 gioria
2198 3921 2529 3982 innotuisset,
2551 3927 2609 3970 et
2626 3933 2746 3984 sup·

1679 3992 1892 4055 plicinm
1925 3994 2026 4040 mei
2058 3993 2246 4042 oblivio
2281 4001 2605 4058 sequeretur.
2671 3993 2749 4043 At

1681 4067 1725 4116 si
1756 4075 2033 4132 postquam
2067 4069 2156 4117 diu
2189 4069 2398 4120 fortiter
2429 4069 2676 4134 pugnavi,
2703 4070 2746 4118 si
2821 4113 2828 4118 .

1683 4151 1952 4209 postquam
1976 4152 2070 4195 tua
2079 4147 2323 4197 inclaruit
2343 4159 2440 4210 per
2455 4159 2622 4196 meam
2643 4145 2748 4195 vir-

1685 4227 1854 4272 tutem
1871 4221 2054 4286 gloria,
2073 4228 2134 4274 tu
2148 4225 2234 4273 nte
2245 4223 2556 4276 ineolumem
2571 4229 2746 4274 serva·
