3200 4934
608 345 803 450 1200ss

1318 393 1386 442 ο.
1406 401 1413 406 ·
1434 390 1630 442 court
1643 391 1801 458 anu
1847 389 2108 440 'raom

2477 389 2572 457 [Α.
2595 393 2663 446 U.
2689 391 2807 444 00'8.

595 543 821 624 gibuS,
852 539 1139 606 Sohemo
1176 541 1371 622 atque
1415 536 1776 620 Agrippa,v
1821 534 2188 619 provinciae
2239 532 2498 618 Syrioe'
2543 532 2810 600 additi}

604 739 841 819 Affippa,
861 751 1032 804 Imm·
1052 757 1101 802 et
1119 751 1281 801 suam·
1304 748 1516 816 coaucta·
1536 755 1659 798 sunt
1676 748 1929 812 provincia
1950 746 2124 811 Syria.
2186 745 2454 809 Augu-ium
2472 745 2642 795 matis
2672 745 2812 794 reuc-

1586 941 1801 995 NOTAE

604 1066 743 1113 teste
762 1059 967 1110 Dione:
1010 1063 1063 1106 et
1095 1062 1217 1107 ante
1244 1057 1385 1106 illum
1409 1057 1469 1107 C.
1491 1057 1666 1106 Caesar

604 1137 865 1188 dictator:
900 1133 917 1161 ‘
942 1133 1025 1183 Ne
1042 1132 1155 1196 quis
1173 1131 1299 1181 civis
1320 1131 1482 1195 major
1503 1130 1665 1193 vigin-

604 1213 645 1261 ti
667 1210 813 1261 annis
834 1208 950 1273 plus
971 1207 1195 1258 triennio
1228 1207 1473 1256 continuo
1507 1205 1664 1254 Italia

605 1287 843 1338 abesset:
877 1299 981 1334 neu
1001 1284 1113 1349 quis
1133 1283 1384 1333 senatoris
1414 1281 1567 1344 filius,
1588 1281 1664 1331 ni-

598 1363 642 1430 si
662 1359 1048 1412 contubernalis
1080 1365 1171 1409 aut
1199 1372 1375 1408 comes
1396 1356 1664 1420 magistra·

605 1446 707 1500 tus,
732 1452 954 1502 peregre
974 1433 1426 1500 proficisceretur!
1491 1434 1639 1500 Suet.

674 1517 690 1549 ²
715 1515 909 1577 Ituroes']
941 1514 1155 1574 Ituraea,
1191 1511 1336 1577 regio
1372 1511 1538 1561 minor
1568 1511 1664 1561 Ju-

605 1592 732 1642 εἴπω
778 1591 885 1642 sive
928 1590 1209 1640 Palestinae
1252 1587 1551 1651 provinciae,
1595 1586 1664 1635 ad

602 1669 854 1718 orientem
872 1665 1115 1718 Jordanis
1136 1662 1298 1726 fluvii,
1318 1669 1374 1711 et
1393 1663 1479 1711 ubi
1508 1668 1664 1711 antea

604 1743 811 1792 fuerant
841 1740 1031 1790 Tribus
1066 1739 1185 1790 Gad
1224 1743 1281 1787 et
1312 1737 1514 1786 Ruben.
1580 1735 1663 1786 Ex

605 1817 805 1868 Chartis
822 1817 1081 1867 sansonis.
1150 1814 1468 1864 Tillemonim.

667 1901 689 1925 ¹¹
719 1891 905 1954 Μαί]
938 1881 1139 1955 Populi
1165 1889 1368 1942 Judaeae
1404 1889 1662 1952 regionis3

602 1968 637 2019 J
642 1968 789 2017 udaea
810 1981 936 2017 vero
954 1965 1144 2030 duplex
1164 1972 1264 2027 est,
1284 1979 1469 2028 nempe
1492 1966 1664 2014 Judaea

603 2047 699 2094 late
718 2049 889 2108 nanta,
908 2042 1177 2109 provincia
1210 2041 1373 2105 Syriae
1416 2040 1661 2104 regionis.

604 2119 781 2170 Hodie
812 2133 999 2169 nomen
1022 2119 1288 2183 antiquum
1308 2116 1506 2166 retinet
1523 2116 1663 2180 apud

602 2209 718 2246 nos.
764 2195 995 2245 Vocatur
1010 2194 1167 2243 etiam
1194 2193 1343 2242 Terra
1355 2197 1548 2250 sonem
1581 2197 1663 2241 est

606 2271 701 2320 sub
726 2269 979 2335 praefecto
1006 2269 1249 2320 Damasci
1282 2268 1362 2318 vel
1399 2268 1589 2328 scham,
1609 2267 1662 2319 in

602 2346 786 2396 Souria
806 2345 1017 2409 regione
1039 2343 1239 2408 imperii
1256 2343 1457 2392 Turcici
1476 2341 1664 2391 Asiati-

604 2424 675 2472 ci.
735 2423 907 2472 Judoea
926 2437 1052 2472 vero
1068 2423 1259 2485 proprie
1278 2420 1427 2481 dicta,
1447 2433 1565 2482 pars
1582 2426 1666 2468 est

604 2498 952 2562 meridionalis
972 2499 1006 2549 J
1012 2497 1175 2548 udaeae
1197 2497 1303 2546 late
1324 2503 1525 2546 sumta.
1568 2494 1667 2544 Tic-

604 2575 845 2625 mnium

666 2657 691 2680 '
722 2649 921 2700 &hemo
956 2655 1097 2712 atquc
1133 2649 1377 2714 Agrippa]
1431 2650 1662 2701 Quorum

600 2724 692 2774 ille
726 2723 955 2775 Arabum
993 2725 1323 2787 Ituraeorum,
1354 2725 1439 2774 hic
1461 2723 1661 2788 Judoem
1695 2745 1702 2756 ·

601 2815 713 2852 rex.
777 2801 1002 2852 &luemus
1018 2809 1191 2852 autem
1208 2800 1554 2860 scribendum,
1571 2805 1664 2849 aut

601 2883 747 2926 certe
774 2877 988 2928 Sooemus
1013 2893 1081 2927 ex
1116 2878 1313 2928 Dione:
1348 2890 1454 2925 non
1486 2874 1661 2924 Salien-

597 2954 725 3016 πίω,
757 2960 817 3002 ut
847 2952 1102 3003 editiones
1142 2954 1382 3017 vulgate.
1449 2951 1557 3002 Dio
1592 2951 1660 3000 de

602 3026 866 3086 Caligula:
899 3029 915 3054 ⁸
932 3029 1061 3076 Tmu
1077 3028 1278 3076 Sooemo
1294 3026 1527 3076 Arabum
1549 3025 1659 3075 Itu·

598 3114 841 3162 raeorum,
862 3106 920 3150 et
951 3101 1218 3150 Polemoni
1250 3115 1462 3164 regnum
1495 3107 1662 3164 pater-

598 3190 742 3239 num,
782 3177 1095 3228 decernente
1134 3182 1334 3239 senatu,
1367 3175 1661 3226 concessit!

666 3253 748 3302 De
784 3252 1021 3318 Agrippa
1052 3260 1109 3303 et
1138 3253 1424 3304 mutatione
1462 3258 1661 3320 secuta,

600 3328 717 3378 vide
738 3327 1019 3393 Josepbum
1052 3341 1152 3378 xx.
1180 3327 1438 3392 Antiquit.
1473 3329 1559 3391 qui
1586 3334 1658 3377 ta·

597 3419 715 3478 meu
736 3406 861 3454 nihil
882 3412 1062 3471 aperte
1082 3406 1150 3456 de
1172 3405 1553 3456 contributione
1567 3405 1603 3456 J
1607 3420 1659 3455 u-

597 3481 829 3550 doeorum
854 3481 904 3529 in
926 3482 1103 3544 Syros.
1168 3482 1334 3532 Immo
1356 3495 1482 3530 vero
1501 3482 1657 3531 etiam

598 3570 754 3619 nunc,
770 3562 830 3606 ut
848 3561 989 3618 ante,
1006 3555 1249 3605 Presides
1271 3570 1387 3604 suos
1408 3556 1514 3604 sive
1538 3570 1656 3619 pro-

584 3640 864 3696 ‚curatores
898 3632 1177 3692 habebant,
1215 3631 1303 3696 qui
1338 3630 1657 3694 aspiciebant

580 3705 805 3773 ,quidem
840 3707 1067 3768 legatum
1097 3706 1280 3772 Syriae,
1299 3707 1389 3756 sed
1410 3721 1514 3756 non
1538 3705 1656 3756 assi·

597 3783 698 3830 due
714 3781 1010 3831 audiebant.

660 3856 799 3910 Quin
830 3864 889 3907 et
920 3855 1159 3925 Agrippa
1180 3857 1360 3922 junior
1380 3872 1471 3907 rex
1492 3858 1653 3908 etiam

593 3934 713 3998 fnit,
743 3939 893 3997 patre
926 3932 1192 3982 defuncto.
1258 3932 1528 3995 Quomodo
1560 3933 1652 3996 igi-

598 4019 683 4060 tur
701 4008 955 4073 provincia
975 4007 1131 4072 Syria:
1151 4009 1306 4060 additi
1329 4010 1549 4072 noviter,
1570 4024 1653 4060 co-

594 4085 862 4160 gitandum
883 4084 969 4148 sit,
989 4091 1082 4132 aut
1102 4099 1135 4132 a
1156 4082 1485 4148 peritioribus
1520 4086 1652 4150 rogi·

596 4160 829 4228 tandum.
890 4159 1098 4222 Lipsius.
1186 4159 1201 4166 ’

660 4241 692 4298 3'
720 4235 903 4300 Syria]
932 4235 1082 4301 Syria
1100 4235 1365 4302 provincia
1382 4237 1545 4304 Syria
1574 4251 1654 4292 re·

1748 1057 1928 1120 gionis,
1950 1062 2006 1106 et
2027 1056 2090 1106 ad
2111 1069 2252 1106 mare
2270 1053 2558 1119 Syriacum.

1753 1129 1756 1132 ’
1811 1132 1984 1182 Hodie
2019 1146 2136 1196 pars
2158 1128 2497 1180 occidentalis
2529 1125 2816 1190 praefectu-

1744 1223 1816 1258 rae
1841 1207 2035 1271 Aleppi
2055 1208 2196 1270 Alep,
2221 1206 2273 1254 in
2287 1205 2474 1255 Souris
2491 1203 2702 1267 regione
2719 1204 2812 1270 im-

1743 1283 1873 1348 perii
1911 1282 2116 1332 Turcici
2153 1280 2404 1330 Asiatici:
2441 1279 2506 1328 de
2541 1278 2689 1342 Syria
2726 1287 2810 1328 re·-

1743 1359 1892 1423 gione
1923 1358 2122 1408 dictum
2156 1362 2238 1406 est
2269 1356 2321 1422 in
2357 1355 2489 1404 notis
2521 1367 2599 1404 vr.
2619 1357 2701 1405 81.
2724 1368 2810 1426 su-

1745 1449 1857 1499 pra.
1897 1435 2208 1484 'lille-monim.

1807 1516 1833 1542 ¹
1866 1509 2022 1573 Syria·
2049 1507 2226 1570 additi]
2273 1507 2378 1557 Sed
2416 1520 2518 1556 non
2559 1505 2806 1555 duravit:

1743 1599 1858 1634 nam
1882 1590 2063 1648 postea
2084 1599 2142 1633 se
2162 1583 2432 1633 redemere
2457 1581 2647 1644 Judaei,
2666 1579 2807 1630 forte

1743 1661 1810 1710 ab
1833 1661 2120 1725 Agrippina
2142 1662 2274 1724 ipsa,
2295 1660 2378 1708 vel
2411 1672 2444 1707 a
2473 1657 2676 1708 libertis
2697 1671 2806 1706 om·

1745 1737 1830 1785 nia
1892 1736 2095 1785 venalia
2150 1734 2478 1794 habentibus,
2552 1731 2808 1782 facilitate

1746 1811 1981 1870 Claudii;
2015 1809 2387 1874 firmaruntque
2416 1808 2596 1859 urbem
2619 1805 2810 1858 Hiero-

1745 1889 1992 1951 solymam
2024 1887 2184 1936 muria
2215 1885 2646 1948 munimentisque
2683 1884 2809 1933 vali*

1743 1962 1990 2011 dissimis:
2025 1961 2162 2012 unde
2183 1975 2299 2010 mox
2337 1957 2622 2010 rebellandi
2654 1957 2810 2007 auda-

1743 2037 1824 2088 cia
1844 2037 1938 2087 sub
1959 2035 2113 2086 finem
2138 2035 2376 2098 Neronis,
2410 2035 2694 2098 missusque
2715 2031 2805 2082 ad-

1745 2129 1920 2165 versus
1950 2116 2087 2180 ipsos
2107 2113 2472 2185 Vespasianus.
2533 2111 2657 2162 Tac.
2679 2110 2714 2160 l.
2749 2121 2806 2159 V.

1743 2192 1924 2241 histor.

1807 2269 1978 2317 Etiam
2005 2267 2170 2330 Nero,
2200 2281 2317 2316 cum
2341 2263 2639 2315 Armeniam
2663 2262 2806 2313 inva-

1743 2343 1929 2392 derent
1965 2342 2166 2406 Parthi,
2197 2342 2384 2392 iterum
2427 2355 2572 2405 reges
2607 2339 2806 2390 creavit

1731 2421 1796 2469 -in
1816 2420 1896 2469 bis
1919 2420 2216 2485 provinciis,
2241 2414 2591 2484 excitavitque
2623 2419 2808 2482 adver·

1743 2512 1828 2547 sus
1871 2495 2151 2558 barbaros:
2220 2495 2414 2561 quippe
2469 2495 2808 2558 opponebant

1743 2573 1897 2623 hosce
1921 2573 2148 2636 Regulos
2169 2572 2416 2632 hostibus,
2440 2571 2603 2623 veluti
2624 2577 2806 2635 partes

1743 2656 1800 2700 et
1819 2649 2136 2699 munimenta
2159 2647 2374 2712 imperii.

1803 2724 1890 2775 Sic
1926 2725 2054 2773 Tac.
2087 2736 2214 2772 xm.
2237 2727 2288 2773 7.
2338 2723 2466 2773 Cum
2504 2721 2804 2792 prorupisse

1741 2802 1963 2852 Parthos
1975 2801 2266 2851 nuntiatum
2276 2805 2430 2861 esset,
2447 2799 2462 2826 ‘
2475 2799 2807 2863 legionesque

1741 2879 1880 2943 ipsas
1905 2877 2113 2941 propius
2136 2875 2432 2926 Armeniam
2461 2874 2699 2924 collocari
2717 2875 2806 2939 ju-

1741 2955 1859 3006 bet:
1893 2954 2118 3018 duosque
2135 2959 2338 3003 veteres
2353 2965 2502 3015 reges
2517 2950 2804 3014 Agrippam

1741 3037 1800 3080 et
1823 3029 1852 3058 ⁴·
1881 3029 2144 3088 Ioccbum,
2167 3023 2534 3093 (Antiochum)
2556 3025 2805 3093 expedire

1740 3106 1932 3170 copias,
1948 3107 2066 3171 quis
2087 3107 2398 3154 Parthorum
2421 3103 2547 3152 fines
2567 3103 2704 3160 ultro
2728 3093 2805 3152 ἰοῖ-

1742 3190 1958 3243 trarent,
1993 3185 2093 3232 διο.
2129 3188 2183 3231 et
2211 3181 2458 3230 minorem
2500 3179 2802 3231 Armeniam

1739 3255 2055 3318 Aristobulo,
2089 3257 2350 3319 regionem
2389 3256 2676 3318 Sophenem
2707 3255 2804 3312 So·

1738 3331 1892 3381 hemo
1913 3346 2027 3380 cum
2052 3331 2336 3396 insignibus
2356 3330 2510 3394 regiis
2537 3327 2788 3380 mandat?

1803 3408 1883 3456 En
1905 3408 2039 3456 alter
2058 3407 2296 3471 Agrippa,
2315 3407 2404 3473 qui
2424 3421 2516 3456 rex
2533 3405 2668 3456 haud
2703 3406 2798 3456 du-

1736 3481 1819 3532 bie
1841 3481 2159 3545 Judaeorum,
2199 3497 2316 3531 nam
2345 3482 2482 3532 iuter
2512 3487 2690 3532 veteres
2722 3496 2798 3560 re·
2885 3491 2896 3500 ·

1731 3573 1817 3621 ges
1837 3566 2170 3609 memoratur.

1731 3633 1738 3640 ’
1801 3634 1882 3684 En
1917 3635 2106 3684 iterum
2142 3634 2272 3684 alter
2293 3633 2534 3684 ,Solimus
2563 3646 2676 3696 rex,
2705 3633 2794 3698 qui

1733 3709 1870 3759 forte
1891 3709 2116 3774 Sohemi,
2133 3710 2200 3759 de
2223 3723 2322 3774 quo
2344 3710 2447 3772 hic,
2465 3709 2617 3772 filius,
2637 3709 2728 3773 qui
2749 3709 2795 3759 si

1731 3798 1835 3834 non
1855 3785 2098 3847 Imraeam,
2117 3793 2346 3836 attamen
2366 3798 2578 3848 regnum
2593 3783 2793 3848 habuit,

1732 3857 1990 3922 septuennem
2032 3874 2236 3923 nempe,
2279 3874 2441 3923 prope
2477 3857 2796 3924 Armeniam,

1731 3939 1791 3984 ut
1813 3949 1926 3984 eam
1947 3949 2012 3984 ex
2035 3941 2183 3998 parte
2203 3948 2296 3984 sua
2317 3931 2644 3983 defenderet.
2784 3927 2794 3938 ’

1796 4009 1903 4056 Per
1919 4014 2098 4058 veteres
2111 4023 2267 4070 reges,
2290 4008 2522 4071 intellige
2541 4008 2691 4072 longa
2713 4022 2793 4076 re·

1733 4097 1851 4148 gum
1883 4083 2017 4133 serie
2049 4097 2117 4131 ex
2155 4083 2338 4134 eadem
2370 4085 2538 4148 stirpe
2571 4084 2791 4134 invicem

1731 4160 1830 4210 sibi
1861 4160 2222 4224 succedentes,
2253 4160 2392 4210 avito
2415 4174 2572 4224 regno
2607 4160 2788 4212 avitis·

1731 4251 1831 4302 que
1853 4236 2002 4303 simul
2024 4236 2206 4301 opibus
2227 4233 2488 4286 florentes.
