3200 4934
462 406 517 456 J.
546 405 609 457 C.
634 403 755 468 62]-

1171 395 1579 450 ANNAmuM
1629 400 1776 452 Lm.
1823 398 1962 448 xn.

2493 371 2668 451 1308

1454 607 1674 674 1501·AE

460 751 511 799 ὶιι
533 749 761 802 sert-ilua
776 749 855 802 sai
883 751 1203 815 mnam-t,
1232 767 1323 816 pro
1340 750 1525 802 libertis

456 825 762 880 haberentur.
799 827 1049 894 Picbeua.

526 901 665 953 Quid
706 917 994 966 pugnamus
1038 918 1135 968 pro
1172 903 1364 965 verbis,
1402 919 1522 968 qum

462 977 629 1028 Taciti
658 993 764 1028 non
804 985 944 1041 sunt,
965 985 1023 1030 et
1054 981 1231 1044 specie
1254 979 1521 1038 inhibendi

462 1056 833 1118 correctiones,
856 1070 1020 1120 genus
1047 1057 1339 1121 corrigendi
1360 1056 1521 1106 maxi-

432 1161 443 1170 ·
461 1142 545 1181 rue
563 1145 755 1195 anceps
775 1139 830 1182 et
854 1133 1105 1182 rarissime
1128 1131 1254 1183 felix
1278 1133 1519 1182 tuemur?

462 1207 717 1268 findentis,
738 1209 1069 1267 Fmesiunus,
1094 1209 1412 1272 florentinus,
1435 1224 1521 1273 ag·

459 1285 598 1334 mine
621 1284 780 1348 fiunto,
806 1286 1027 1349 ejurant‚
1044 1275 1183 1350 quod
1208 1286 1273 1335 de
1291 1285 1409 1334 filiis
1428 1285 1521 1334 ali-

460 1358 779 1426 utnusquam
802 1376 857 1412 se
890 1360 1079 1424 legisse
1101 1359 1300 1412 fatetur
1322 1368 1377 1411 et
1396 1363 1521 1412 Sali-

464 1437 653 1486 unius.

458 1533 469 1540 ·
524 1511 691 1578 quue
722 1513 833 1563 sine
854 1513 1016 1563 dubio
1043 1513 1417 1564 sarcinatornm
1440 1527 1525 1564 eu·

450 1587 659 1650 jusdam
692 1596 791 1646 est,
830 1590 1017 1638 leviter
1054 1597 1327 1652 corruptos
1366 1591 1525 1655 locos,

458 1663 555 1727 qui
592 1663 747 1714 litera
782 1679 883 1713 una
919 1665 1149 1714 alterave
1186 1665 1380 1725 demta,
1438 1668 1521 1716 vei

459 1738 659 1802 addita,
702 1741 785 1788 vel
830 1746 1051 1800 mutata,
1095 1741 1521 1804 restituebantur,

456 1827 556 1878 pro
580 1814 873 1874 Ingentibus
890 1815 1114 1864 hiatibus
1138 1816 1501 1878 supple-utinm.

456 1908 483 1924 ·-
526 1888 751 1942 Pellexit
794 1890 847 1940 in
896 1888 1129 1940 fraudem
1173 1907 1271 1940 vox
1313 1893 1515 1954 libertis,

456 1979 607 2028 qnam
631 1979 733 2029 quo
755 1964 997 2028 referret,
1018 1968 1139 2032 quia
1162 1963 1265 2018 non
1291 1969 1517 2030 videbat,

460 2040 573 2103 ipse
608 2042 799 2106 aliquid
834 2053 1153 2092 commentus
1175 2044 1517 2109 interposuit:

426 2119 545 2168 .cui
564 2119 707 2168 locus
730 2133 829 2168 non
852 2127 983 2184 erat,
1005 2122 1067 2184 si,
1102 2127 1165 2171 ιιι
1196 2129 1276 2172 est
1312 2125 1367 2172 in
1398 2125 1523 2173 Far-

456 2196 691 2256 nesiano,
712 2198 879 2246 liberto
900 2199 1194 2262 reperisset.

451 2287 466 2302 ·
530 2271 623 2332 At,
645 2272 830 2338 inquit,
850 2274 927 2323 sic
954 2273 1063 2324 nati
1094 2276 1269 2326 statim
1300 2281 1519 2328 matrem

456 2363 489 2397 a
524 2349 661 2400 servi
698 2349 1047 2414 complexibus
1082 2350 1375 2402 habuerunt
1410 2368 1518 2403 ser·

458 2441 591 2476 vam.
662 2425 779 2476 Hoc
812 2441 994 2490 parum
1032 2435 1112 2478 est
1143 2441 1239 2492 pro
1266 2429 1518 2480 Jurecon-

451 2501 597 2552 5uultu
640 2503 803 2568 loqui,
842 2518 992 2567 quem
1038 2504 1173 2554 scire
1223 2507 1519 2570 oportebat,

456 2591 561 2626 non
584 2591 678 2640 pro
696 2591 847 2628 serva
869 2579 1119 2641 habitam,
1149 2581 1247 2630 nisi
1280 2589 1398 2644 post
1428 2583 1519 2632 tri-

446 2667 549 2704 ·nas
566 2654 1009 2706 denuntiationes.
1074 2655 1277 2706 Deinde
1299 2658 1395 2706 boc
1416 2671 1517 2709 non

444 2745 523 2780 uo
546 2732 752 2782 valebat
774 2733 973 2797 ntique,
1003 2739 1063 2782 ιιι
1096 2734 1405 2798 mancipium
1428 2734 1518 2786 fie-

446 2815 541 2858 ·ret
560 2808 683 2873 (nisi
706 2807 841 2858 sorte
864 2809 916 2858 in
938 2810 1213 2860 humilibus
1238 2819 1293 2860 et
1316 2811 1517 2874 egenti-

446 2884 561 2935 ·bus
590 2883 851 2949 personis)
886 2901 1037 2950 quam
1077 2892 1137 2936 ut
1180 2893 1237 2936 et
1276 2901 1421 2936 suam
1462 2893 1519 2937 et

446 2961 675 3014 *assumti
718 2961 895 3011 mariti
932 2962 1229 3012 libertatem
1265 2962 1333 3013 ab
1368 2963 1516 3028 hujus

460 3036 667 3086 domino
690 3051 863 3087 emere
886 3038 1307 3102 compelleretur.

448 3131 458 3140 ·
521 3113 711 3176 Itaque
752 3119 906 3163 caute
942 3113 1179 3178 Tacitus,
1214 3115 1267 3164 iu
1293 3118 1518 3168 servituto

449 3189 720 3240 ‘haber-etur.
752 3189 1199 3241 Quemadmodum
1224 3193 1357 3242 enim
1378 3193 1517 3244 aliud

446 3271 543 3314 ·est
562 3279 661 3314 esse
690 3266 741 3314 in
761 3264 999 3326 libertate,
1025 3265 1161 3314 aliud
1184 3281 1278 3315 esse
1300 3267 1514 3332 liberum,

456 3346 599 3391 teste
642 3340 824 3402 Fabio,
861 3341 1079 3390 declam.
1112 3345 1245 3405 ⁸40„
1275 3341 1349 3392 sic
1373 3343 1514 3392 aliud

457 3425 561 3479 est,
572 3431 755 3469 servam
772 3431 889 3480 esse,
908 3417 1051 3466 aliud
1071 3418 1123 3466 in
1136 3419 1363 3468 ser-eitum
1380 3433 1494 3470 esse.

526 3494 755 3558 Roganti
774 3493 973 3560 Lipsio,
1001 3493 1423 3558 quemadmodum
1452 3496 1515 3544 li-

460 3567 641 3618 bertus
676 3583 790 3619 esse
833 3569 1031 3632 possit,
1050 3570 1138 3635 qui
1174 3583 1359 3620 servus
1392 3586 1519 3621 nuu-

444 3657 613 3714 0quum
630 3642 765 3694 fnit?
799 3643 1007 3707 reponit
1038 3659 1139 3710 quo
1170 3651 1330 3710 pacto
1349 3647 1519 3698 tibere·

444 3717 683 3779 dicatur,
707 3732 819 3782 quae
850 3733 949 3769 uon
982 3721 1251 3771 servierit:
1284 3723 1399 3774 hae
1430 3738 1519 3787 ps-

442 3793 539 3844 -ria
578 3809 679 3843 nou
720 3802 854 3847 sunt.
922 3796 1160 3849 Mulieris
1190 3799 1326 3849 enim
1366 3801 1519 3864 eulpa

440 3875 543 3920 -est
578 3869 843 3921 subeuntis
869 3871 1073 3936 jugum,
1108 3875 1190 3925 eni
1226 3876 1369 3940 leges
1400 3891 1515 3926 eam

443 3941 719 3994 -infamiam
769 3953 1095 4000 stamerunt:
1161 3951 1303 3999 nulla
1361 3952 1517 4016 culpa

440 4019 614 4072 ·soe1us
638 4027 738 4071 est.

440 4119 451 4127 ·
528 4096 669 4148 Quin
702 4109 809 4146 rem
847 4097 1142 4164 diligendus
1166 4100 1517 4152 consideranti

446 4171 697 4245 liquebit,
732 4175 858 4226 nibil
902 4176 1005 4225 tale
1048 4191 1145 4228 nec
1182 4177 1413 4240 potuisse
1450 4179 1517 4232 de

458 4249 595 4320 natis
637 4264 705 4302 ex
744 4251 1087 4317 eo·eonjugio
1121 4251 1387 4320 constitui,
1420 4267 1519 4306 nee

1600 764 1818 802 necesse
1859 750 2040 812 fuisse,
2089 765 2206 802 cum
2239 751 2364 815 jure
2405 751 2663 803 communi

1600 827 1730 876 satis
1753 833 1960 878 cautum
1979 833 2142 878 ..esset
2403 865 2408 870 .

1667 901 1806 950 Nam
1829 903 1916 966 qui
1950 909 2072 950 ante
2094 901 2511 952 denuntiationes
2535 901 2662 954 istas

1598 986 1966 1041 pron-nerant,
2006 993 2101 1026 nec
2139 979 2445 1040 servierunt,
2474 993 2571 1028 nec
2603 980 2662 1029 li-

1602 1053 1814 1116 bertini,
1837 1055 1930 1104 sed
1952 1054 2180 1118 ingenui,
2215 1055 2334 1119 quia
2364 1069 2468 1103 non
2497 1061 2666 1104 muta·

1600 1129 1696 1180 bat
1747 1131 1932 1180 mulier
1983 1137 2194 1194 statum,
2241 1131 2339 1180 uisi
2385 1137 2664 1196 postquam

1600 1207 1835 1257 dominus
1859 1209 1993 1258 servi
2014 1208 2386 1258 denuntiasset.

1663 1285 1720 1334 st
1737 1300 1858 1334 vero
1873 1283 2024 1334 factis
2041 1283 2538 1346 denuntiationibus,
2557 1295 2663 1334 non

1600 1361 1858 1410 abstinuit
1877 1375 2028 1410 servo
2046 1360 2246 1422 mulier,
2263 1373 2432 1424 neque
2449 1359 2663 1409 liberta-

1603 1443 1708 1486 tem
1728 1437 1993 1502 utriusque
2016 1435 2257 1497 redemit,
2275 1444 2330 1484 et
2345 1437 2495 1499 plane
2511 1449 2664 1486 serva
2724 1503 2734 1512 ·

1603 1509 1746 1560 facta
1767 1518 1846 1560 est
1864 1527 1880 1570 ;
1913 1511 1956 1560 si
1977 1511 2114 1575 quod
2137 1510 2258 1560 inde
2277 1511 2525 1572 nascitur,
2543 1525 2664 1561 con-

1604 1593 1813 1652 ceptum
1849 1593 1928 1636 est
1966 1594 2243 1658 antequam
2277 1595 2444 1636 mater
2466 1587 2664 1652 ,iustam

1600 1663 1906 1713 servitutem
1944 1661 2158 1726 subiret,
2188 1661 2322 1712 baud
2355 1662 2513 1712 dubie
2531 1663 2664 1714 libe-

1602 1753 1714 1788 rum
1758 1747 1871 1799 est;
1897 1738 2069 1802 ·quod
2119 1737 2268 1787 simul
2310 1739 2556 1802 concepit
2608 1745 2664 1788 et

1598 1816 1735 1878 parit
1748 1814 1862 1878 jam
1885 1811 2090 1898 ancilla,
2109 1829 2311 1864 servum
2335 1821 2416 1865 est
2439 1829 2506 1864 ex
2523 1829 2664 1898 com·

1595 1891 1736 1940 muni
1750 1891 1901 1954 jure.
1942 1891 2226 1943 Gronovius.

1615 1969 1764 2018 Pro
1799 1967 2007 2030 libertis]
2068 1967 2534 2020 Denuntistionum
2570 1967 2661 2019 do·

1598 2046 1737 2095 mino
1777 2044 2036 2095 factarum
2083 2046 2356 2110 Ulpianus,
2387 2045 2662 2097 Tertullia-

1590 2137 1720 2182 ¹nus,
1759 2131 1814 2171 et
1855 2122 2182 2174 Justinianus
2226 2123 2540 2172 mentionem
2576 2123 2662 2173 ha-
2737 2185 2746 2194 .

1600 2197 1762 2248 bent:
1803 2206 1856 2248 et
1879 2197 2094 2258 Paulus,
2114 2199 2252 2247 nulla
2275 2198 2662 2251 denuntiatione

1598 2291 1632 2325 a
1653 2276 1856 2326 domino
1877 2275 2038 2333 facta,
2059 2276 2325 2326 mulierem
2349 2291 2466 2340 quae
2491 2277 2662 2328 alieno

1598 2365 1750 2402 servo
1773 2365 1830 2401 se
1858 2351 2137 2416 junxisset,
2169 2352 2220 2400 in
2245 2354 2544 2403 servitutem
2580 2367 2660 2403 re-

1597 2427 1704 2491 digi
1725 2441 1826 2475 uon
1847 2429 2074 2489 solitum,
2099 2429 2226 2479 satis
2247 2428 2442 2478 indicat
2458 2429 2511 2478 in
2536 2443 2662 2496 qua·

1598 2503 1717 2552 dam
1742 2501 1868 2552 facti
1893 2502 2086 2566 specie.

1663 2579 1728 2629 In
1767 2593 1871 2643 qna
1911 2579 2088 2642 specie
2129 2579 2351 2640 mulieri,
2392 2580 2459 2629 ad
2504 2595 2664 2644 pecu-

1598 2654 1755 2714 niam,
1777 2669 1894 2719 qum
1924 2654 2060 2702 dotis
2091 2655 2293 2705 nemine
2334 2656 2460 2707 data
2491 2670 2664 2722 servo,

1596 2737 1655 2780 et
1689 2729 1786 2779 snb
1817 2731 1970 2779 titulo
1999 2730 2246 2794 depositi,
2277 2731 2327 2780 iu
2363 2734 2658 2784 cautionem

1598 2805 1792 2855 collata
1809 2803 2000 2866 fuerat,
2015 2818 2136 2854 recu
2143 2805 2441 2868 perandum,
2455 2807 2508 2855 in
2523 2808 2662 2860 servi

1600 2879 1838 2930 defuncti
1861 2879 2122 2930 dominnm
2144 2881 2395 2930 actionem
2415 2881 2482 2930 de
2503 2895 2661 2946 pecu·

1598 2957 1671 3006 lio
1695 2963 1749 3005 et
1774 2970 1930 3006 causa
1953 2956 2179 3021 depositi
2201 2963 2494 3022 competere
2513 2959 2660 3024 (cnm

1596 3035 1736 3084 inter
1757 3047 1958 3083 servum
1995 3039 2050 3084 et
2083 3033 2302 3083 liberum
2335 3033 2488 3084 civiie
2513 3035 2662 3100 jndi-

1596 3111 1733 3161 cium
1773 3110 2055 3160 consistere
2082 3123 2184 3160 non
2209 3108 2391 3174 possit)
2413 3111 2660 3176 nullaque

1588 3187 1669 3237 'sit
1701 3187 1903 3237 ancillae
1939 3186 2186 3236 adversus
2218 3187 2482 3236 dominum
2503 3187 2664 3253 actio,

1596 3270 1742 3314 recte
1766 3263 2050 3326 respondit.

1661 3337 1814 3387 Adde
1831 3337 1968 3402 quod
1987 3343 2189 3401 septem
2211 3337 2433 3387 testibus
2455 3339 2656 3390 civibus

1594 3413 1838 3463 Romanis
1875 3411 2236 3476 presentibus,
2272 3415 2432 3463 tertio
2461 3429 2526 3464 ex
2545 3417 2658 3466 fle·

1594 3489 1986 3540 natuseousulto
2031 3487 2314 3541 Claudiano
2349 3489 2658 3541 denuntiau-

1596 3567 1720 3617 dum
1772 3563 1963 3630 probat
2001 3564 2366 3629 interpretatio
2419 3568 2656 3633 rescripti

1596 3641 1862 3706 cujusdam
1898 3642 2312 3692 Constantiniani
2346 3649 2516 3706 vetus,
2539 3659 2658 3710 qum

1594 3717 1852 3783 hodieque
1886 3718 2119 3768 extat-in
2155 3717 2350 3768 Codice
2377 3719 2660 3770 'l'bedosia-

1597 3809 1684 3858 no,
1721 3794 1776 3844 in
1819 3809 1922 3860 quo
1949 3794 2123 3844 etiam
2164 3793 2362 3845 Juliani
2404 3793 2656 3859 principis

1599 3871 1760 3922 verba
1813 3878 2220 3936 proponuntur,.
2246 3884 2388 3937 qum.
2411 3871 2466 3919 id
2521 3867 2658 3932 quod

1596 3947 1666 3998 de
1709 3947 2181 3998 denuntiationibus
2223 3947 2465 4006 diximus,
2503 3944 2661 4009 plana

1592 4032 1860 4075 astruunt:
1894 4024 2007 4074 hmo
2029 4021 2139 4073 fere
2161 4027 2300 4072 sunt.

1659 4104 1676 4132 ⁴
1702 4100 2210 4151 senatusconsultum
2224 4095 2560 4146 Claudianum
2575 4093 2662 4150 fir.

1594 4191 1872 4226 mum-esse
1894 4187 2180 4235 censemus,
2198 4170 2433 4221 omnibus
2467 4175 2659 4243 consti-

1598 4252 1900 4314 tutionibus,
1923 4252 2044 4314 quus·
2071 4253 2252 4299 contra
2287 4245 2350 4297 id·
2373 4245 2498 4302 latai
2517 4259 2657 4318 sunt,
