3200 4934
471 399 530 454 J.
549 389 620 452 ἐ.
633 369 750 466 ἐι]

1181 395 1594 448 nauum«
1642 399 1791 452 mn.
1836 398 1981 452 XI!-

2492 389 2671 462 1371

1459 621 1683 676 NOTAE

475 755 720 812 suspecta
758 755 840 798 est
871 763 936 799 eo
972 749 1106 812 loci;
1140 756 1197 801 et
1233 756 1381 817 puto,
1416 767 1532 802 cam

472 827 556 875 vel
579 825 875 875 mutandam
904 841 1041 889 esse,
1077 829 1158 878 vei
1194 843 1400 893 prorsus
1436 829 1530 879 tol·

471 898 696 949 leudam.
763 901 898 950 Nam
919 902 969 950 in
996 909 1106 951 tota
1139 917 1202 952 ea
1236 903 1528 954 narratione

467 972 657 1038 ¹l'aciti,
693 975 762 1026 dc
795 978 902 1026 solo
945 978 1188 1028 Narcisso
1223 979 1409 1043 agitur,
1441 981 1529 1044 qui

470 1051 626 1098 variis
665 1051 804 1100 curis
845 1053 1025 1102 anxius
1052 1052 1162 1116 jam
1207 1053 1528 1117 praevidebat

469 1127 484 1156 ⁸
509 1127 722 1177 Oct-tam
743 1129 838 1178 sibi
871 1131 1168 1195 perniciem,
1201 1146 1292 1181 seu
1323 1133 1528 1183 Britan-

465 1201 614 1253 'nicus
635 1218 802 1254 rerum
834 1221 926 1256 scu
950 1206 1096 1257 Nero
1137 1209 1394 1271 potiretur
1408 1209 1440 1271 ς’
1469 1216 1526 1259 et

467 1287 642 1329 cetera
658 1294 770 1344 quae
794 1287 1096 1346 sequuntur.

534 1355 765 1420 Ideoque
795 1358 812 1386 ⁴
840 1357 1060 1408 intanta
1086 1357 1222 1408 mole
1254 1359 1524 1408 curarum’

474 1445 579 1481 non
639 1433 886 1496 Claudias,
956 1433 1046 1497 qui
1114 1435 1278 1484 nullas
1349 1442 1526 1498 partes

467 1507 625 1560 babet
664 1509 716 1558 in
762 1525 825 1559 ca
865 1509 1162 1559 narratione
1201 1511 1392 1574 Taciti,
1433 1511 1524 1560 sed

469 1587 722 1634 Narcissus
759 1586 873 1650 ipse
907 1585 1044 1635 idem
1083 1587 1176 1636 ‘in
1210 1595 1358 1637 tanta
1394 1589 1526 1638 mole

461 1659 726 1722 curarum,
763 1661 981 1711 adversa
1000 1661 1296 1711 valetudine
1311 1663 1525 1726 corripi-

466 1745 573 1798 tur,
613 1736 1010 1802 refovendisque
1054 1737 1248 1786 viribus
1305 1737 1522 1789 mollitie

464 1813 602 1876 coeli,
638 1817 736 1864 dxc.
771 1813 1060 1862 Sinuessam
1084 1812 1308 1878 pergitz'
1339 1813 1426 1862 ubi
1464 1819 1521 1863 et

457 1885 595 1938 ‘mori
618 1903 736 1938 mox
754 1889 954 1952 cogitur
977 1887 1042 1937 ab
1063 1885 1380 1952 Agrippina:
1417 1901 1518 1938 non

465 1965 710 2026 Claudius,
729 1966 813 2030 qui
833 1964 968 2014 nullo
993 1964 1145 2012 modo
1164 1977 1304 2027 teger
1327 1978 1392 2013 cx
1409 1963 1520 2012 aliis

460 2041 780 2102 auctoribus,
815 2046 872 2089 et
909 2039 1016 2103 qui,
1050 2044 1108 2087 ut
1141 2043 1292 2100 patet
1313 2051 1376 2086 cx
1408 2038 1523 2100 ipsa

457 2114 674 2164 historia
694 2115 792 2164 hac
807 2115 992 2178 Taciti,
1013 2127 1114 2161 non
1133 2111 1260 2162 urbe
1280 2113 1408 2174 exit,
1429 2109 1522 2161 scd

455 2191 640 2240 Romae
663 2191 882 2239 moritur
900 2189 950 2237 in
975 2187 1183 2252 palatio.

526 2267 715 2329 Neque
761 2265 917 2314 etiam
952 2278 1094 2328 eger
1127 2261 1227 2312 fuit
1265 2263 1520 2314 ullatenus

457 2341 571 2404 lpse
591 2339 851 2403 Claudius,
872 2353 938 2390 ex
973 2338 1084 2403 ipsa
1105 2336 1202 2388 hac
1223 2339 1520 2388 narratione

457 2413 658 2468 Taciti:
695 2429 812 2466 uam
834 2427 882 2464 c.
905 2419 984 2465 67.
1005 2413 1022 2442 ⁸
1046 2413 1270 2463 infusum
1293 2413 1518 2464 delceta-

457 2489 548 2541 bili
590 2481 722 2541 cibo⁴
749 2489 1044 2540 boletorum
1084 2503 1368 2550 vencnum3
1419 2503 1517 2539 nec

459 2567 560 2617 sim
618 2567 974 2616 medicaminis
1041 2567 1216 2616 statim
1285 2565 1518 2615 intellec·

455 2649 585 2704 tam,
606 2643 907 2694 socordiane
949 2641 1172 2704 Claudii,
1205 2655 1270 2690 an
1293 2641 1518 2690 vinolen-

455 2719 564 2772 etia?

455 2805 466 2812 “
519 2797 675 2852 Unde
693 2797 830 2847 clare
854 2797 1023 2859 patet,
1061 2807 1164 2841 non
1185 2791 1407 2842 infusum
1430 2807 1517 2842 ve-

455 2887 644 2923 nenum
683 2869 898 2922 Claudio
933 2883 1094 2932 agro,
1132 2875 1186 2916 ct
1217 2868 1340 2934 quia
1376 2883 1518 2931 aeger

455 2957 612 3012 esset,
633 2949 727 2998 sed
747 2948 798 2997 in
817 2946 1052 2998 convivio
1071 2949 1126 2994 et
1147 2945 1285 2994 iuter
1304 2947 1514 3009 epulas;

456 3025 513 3076 et
547 3025 886 3089 Agrippinam
922 3021 1080 3070 etiam
1105 3035 1204 3070 non
1239 3021 1512 3084 arripuisse

455 3102 778 3153 occasionem
817 3098 1012 3147 veneni·
1041 3095 1352 3160 propinandi
1393 3096 1512 3160 ipsi,

456 3179 577 3243 'quis
599 3191 738 3241 eger
758 3181 912 3234 esset,
947 3173 1038 3222 sed
1072 3173 1192 3237 quia
1223 3177 1332 3220 tum
1367 3171 1512 3220 abes·

453 3259 536 3303 set
555 3252 850 3312 Narcissus,
885 3248 1300 3314 vigilantissimus
1336 3253 1510 3298 custos

453 3327 717 3394 principis.

453 3411 464 3420 '
516 3401 678 3452 Patet
699 3401 856 3450 etiam
881 3397 1019 3462 apud
1040 3397 1297 3460 Tacitum,
1319 3403 1444 3448 tnnc
1479 3411 1524 3447 e.

450 3477 690 3529 'convivio
725 3483 929 3540 raptum
961 3489 1076 3524 esse
1096 3474 1386 3533 Claudium,
1413 3473 1514 3523 dis·

451 3558 652 3605 tentum
681 3553 866 3617 epulis,
900 3558 955 3602 ct
977 3551 1098 3600 vino
1129 3563 1410 3615 somnoque
1433 3563 1512 3599 so·

451 3629 636 3694 piturn,
656 3629 708 3678 in
725 3629 894 3680 cubile
913 3645 928 3690 ;
951 3633 1007 3677 ct
1027 3629 1102 3678 sic
1119 3628 1251 3678 bene
1272 3627 1510 3690 valuisse,

451 3719 611 3769 seque
653 3705 998 3770 ingurgitasse
1040 3704 1182 3765 vino,
1222 3710 1277 3753 et
1320 3703 1509 3766 largius

453 3781 700 3830 invitasse
745 3795 838 3844 pro
881 3782 1036 3830 solito
1075 3795 1250 3830 more:
1304 3779 1358 3829 in
1402 3794 1508 3844 quo

451 3856 696 3905 convenit
723 3855 1080 3907 Tacitus'cum
1109 3857 1276 3906 Dione
1297 3862 1354 3905 et
1385 3855 1510 3904 Sne-

452 3930 614 3982 tonio.
681 3930 866 3994 Sicque
901 3920 1290 3983 nulla'adversa
1314 3933 1509 3982 valetn-

451 4007 572 4074 diue
601 4013 870 4071 correptus
903 4007 1167 4072 Claudius,
1207 4009 1512 4075 quinimmo

447 4085 690 4151 epulatus
711 4089 811 4146 est,
837 4087 896 4132 nt
910 4083 1127 4136 solebat.

487 4160 752 4210 'Adverte
775 4157 953 4220 ctiam,
989 4173 1144 4223 quam
1179 4157 1294 4208 haec
1331 4171 1510 4222 param

449 4237 761 4290 conveniant
783 4234 1021 4288 Claudio.
1086 4233 1224 4288 Nam
1257 4249 1375 4301 quas
1401 4249 1510 4284 mo-

1610 755 1689 805 les
1752 769 1987 806 curarum
2044 754 2337 819 exagitaret
2398 753 2669 808 Claudium

1610 830 1707 880 hoc
1750 832 1899 881 loco?
1961 845 2027 880 an
2068 837 2247 880 cerem
2289 830 2381 881 aba·
2416 833 2672 894 persidas

1611 910 1954 972 ominabatur,
1972 924 2052 960 sen
2069 909 2381 960 Britannicas
2412 905 2568 958 rorans
2590 923 2673 959 sea

1612 985 1744 1037 Nero
1770 985 2046 1050 potiretur?
2076 1001 2140 1035 an
2175 986 2241 1034 de
2274 983 2575 1050 Agrippinae
2616 992 2671 1037 ct

1610 1063 1863 1112 Pallantis
1885 1063 2141 1112 adulterio
2165 1061 2385 1112 anxius?
2416 1061 2555 1112 bisce
2578 1060 2670 1112 ob-

1606 1139 1789 1189 noxius
1810 1146 1866 1188 et
1889 1146 2119 1189 assuctus
2151 1137 2351 1201 pridem
2376 1152 2388 1185 ε
2422 1151 2520 1187 nec
2544 1137 2669 1188 talia

1604 1213 1717 1263 hoec
1742 1219 1913 1276 erant,
1935 1215 2119 1280 quibus
2140 1213 2253 1277 ipse
2277 1225 2438 1277 usque
2458 1213 2512 1262 in
2536 1225 2669 1262 mor·

1604 1287 1725 1338 bum
1750 1287 2103 1338 afflictaretur.
2574 1277 2583 1288 ⁶

1599 1385 1612 1396 ·
1669 1363 1786 1412 Scio
1805 1371 1948 1414 certe
1972 1365 2101 1426 baec,
2119 1379 2238 1429 qua
2258 1363 2330 1414 ibi
2348 1364 2532 1413 Tacito
2550 1377 2667 1414 nar·

1607 1445 1789 1488 rantur
1811 1439 1961 1489 valde
2001 1438 2236 1500 confusa,
2279 1447 2334 1489 ct
2370 1438 2481 1490 fere
2505 1439 2666 1490 tribui

1604 1527 1777 1577 posse,
1799 1514 2011 1575 perinde
2034 1513 2277 1562 Claudio:
2312 1519 2368 1562 et
2390 1519 2533 1564 certe
2548 1527 2669 1562 can-

1606 1587 1723 1636 dem
1748 1587 1928 1636 babuit
1950 1601 2145 1646 curam,
2165 1603 2317 1652 quam
2334 1588 2545 1638 libertus
2568 1589 2667 1639 sibi

1604 1661 1925 1711 fidelissimus
1948 1669 2005 1711 et
2024 1662 2092 1711 ab
2124 1664 2372 1726 epistolis,
2407 1670 2462 1713 ct
2482 1665 2665 1713 eadem

1604 1751 1825 1786 arcana:
1862 1745 1917 1786 et
1939 1745 2081 1787 certe
2108 1738 2200 1786 hos
2233 1739 2437 1787 eosdem
2460 1749 2667 1803 questus

1603 1819 1659 1863 ct
1698 1821 1865 1863 metus
1906 1819 2090 1876 aperte
2127 1813 2403 1862 Suetonius
2444 1815 2665 1864 Claudio

1602 1888 1803 1949 tribuit,
1845 1887 1933 1952 qui
1956 1888 2068 1951 ipse
2089 1887 2201 1951 ‘Jam
2226 1887 2567 1952 cupiditatem
2592 1889 2663 1938 A·

1599 1964 1857 2029 grippinae
1902 1969 1959 2014 ct
1996 1978 2226 2012 errorem
2260 1965 2557 2028 nuptiarum
2606 1972 2666 2016 et

1602 2040 1898 2102 adoptionis
1920 2039 2287 2103 cognoscebat.

1665 2115 1767 2164 Sed
1805 2120 1998 2178 tamen,
2034 2120 2092 2162 nt
2110 2113 2275 2162 Taciti
2300 2112 2529 2163 narratio
2564 2118 2663 2179 est,

1599 2190 1775 2240 omnia
1808 2191 1921 2239 haec
1958 2190 2011 2238 lu
2052 2189 2349 2239 Narcissum
2382 2203 2539 2238 unum
2577 2203 2663 2239 ca-

1600 2263 1761 2314 dunt:
1796 2264 1881 2315 hic
1904 2277 2033 2313 unus
2069 2264 2249 2313 anxius
2280 2265 2419 2313 curis
2457 2265 2531 2314 ibi
2570 2264 2661 2315 dc-

1602 2339 1863 2402 scribitur,
1894 2339 2029 2388 unde
2050 2337 2106 2389 et
2127 2339 2287 2403 ipsius
2312 2340 2457 2389 unius
2480 2339 2662 2390 adver-

1598 2430 1657 2465 sa
1686 2415 1935 2466 valetudo
1971 2421 2027 2466 ct
2063 2417 2327 2466 abscessus
2366 2416 2661 2467 Sinuessam

1598 2493 1883 2556 colligitur.

1662 2569 1733 2616 Et
1757 2575 1813 2616 ut
1838 2572 2014 2617 narrat
2030 2565 2259 2629 Tacitus,
2296 2567 2460 2618 nullas
2482 2573 2662 2633 partes

1597 2643 1757 2692 habet
1792 2643 1877 2691 hic
1898 2643 2167 2705 Claudius,
2204 2643 2300 2691 nisi
2322 2657 2437 2692 cum
2461 2657 2662 2694 veneno

1602 2718 1877 2781 occiditur,
1912 2718 2054 2767 nulla
2076 2733 2201 2768 voce
2238 2720 2454 2780 prolata.
2520 2719 2660 2768 Nam

1602 2796 1780 2846 statim
1807 2797 1958 2859 pinna
1993 2809 2165 2845 meno
2196 2793 2341 2854 wita,
2379 2793 2540 2857 priori
2578 2807 2662 2844 vc·

1595 2886 1731 2921 neno
1766 2869 2151 2936 superadditur,
2184 2884 2249 2920 ne
2284 2867 2493 2920 effutire
2534 2870 2659 2937 quid

1595 2949 1777 3014 possit·
2655 3011 2661 3018 ι

1660 3025 1958 3075 Narcissum
1982 3025 2145 3074 solum
2179 3039 2373 3089 agrum
2409 3025 2567 3088 curis,
2599 3021 2659 3076 et

1592 3100 1775 3151 morbo
1796 3107 2115 3164 correptum,
2152 3100 2341 3149 abiisse
2364 3099 2655 3152 Sinuessam

1593 3175 1874 3226 clarissime
1898 3183 2047 3239 patet
2063 3191 2127 3225 ex
2150 3177 2317 3224 Dione
2337 3176 2370 3225 1.
2388 3189 2497 3226 uu.
2520 3177 2537 3206 ‘
2554 3177 2657 3227 Ve-

1591 3267 1779 3302 nenum
1803 3251 2182 3302 immedicabile
2205 3259 2547 3315 praeparatum
2572 3253 2659 3303 bo·

1587 3329 1702 3378 leto
1738 3326 1933 3378 infudit
1970 3326 2281 3390 Agrippina,
2321 3331 2429 3394 ὅτε..
2502 3327 2657 3379 Quod

1594 3411 1654 3454 ut
1677 3403 1852 3453 facere
1876 3408 2074 3467 posset,
2108 3403 2405 3451 Narcissum
2430 3401 2482 3450 iu
2506 3403 2656 3453 Cam-

1593 3480 1821 3543 paniam,
1876 3477 2021 3542 quasi
2064 3476 2313 3526 adversus
2372 3478 2653 3544 podagram

1595 3553 1740 3619 aquis
1778 3554 1887 3618 ejus
1926 3553 2155 3618 regionis
2178 3568 2381 3603 usurum
2415 3553 2654 3614 amandass

1591 3637 1760 3691 verat,
1796 3629 2191 3678 attentissimum
2218 3629 2407 3680 domini
2430 3632 2508 3680 sui
2540 3645 2653 3682 cus·

1591 3707 1781 3769 todem,
1802 3711 1857 3755 et
1880 3719 1983 3768 quo
2020 3711 2293 3768 flii-mente,
2318 3721 2573 3772 nunquam
2596 3704 2654 3757 id

1590 3781 1792 3832 facinus
1814 3788 2116 3844 perpetrare
2141 3781 2431 3843 potuisset!
2481 3783 2651 3846 Ipsius

1589 3859 1747 3908 etiam
1777 3856 2005 3907 Narcissi
2042 3857 2231 3919 caedes,
2272 3857 2475 3906 Claudii
2496 3872 2653 3906 necem

1587 3933 1828 3983 subsecuta
1851 3936 1937 3981 est.
2260 3968 2269 3974 .

1657 4009 1726 4058 Et
1757 4015 1923 4064 certe,
1964 4021 2027 4055 an
2063 4007 2381 4057 commodius
2420 4005 2655 4055 necasset

1593 4083 1885 4149 Agrippina
1908 4083 2178 4133 Claudium
2204 4083 2254 4130 in
2278 4081 2495 4131 morbo?
2526 4095 2651 4133 num

1588 4161 1766 4227 potius
1798 4161 1995 4210 exitum
2034 4158 2202 4208 morbi
2229 4155 2427 4220 fatique
2464 4171 2653 4222 cxpec.

1588 4239 1753 4288 tassct
1778 4233 1929 4300 ipsa?
1962 4247 2029 4284 an
2062 4231 2375 4284 commodius
2398 4234 2535 4300 apud
2571 4235 2649 4288 si-
