3200 4934
1003 729 1122 818 C.
1185 719 1853 818 CORNELII
1924 714 2237 806 TACI
2245 715 2381 804 TI

1648 932 1751 986 AB

1073 1122 1556 1200 EXCESSU
1602 1121 1835 1197 DIVI
1874 1118 2342 1196 AUGUSTI

905 1395 2488 1540 ANNALIUM

1133 1729 1465 1806 LIBER
1519 1673 2287 1803 oeconomus.

1225 2172 1854 2243 BREVIARIUM
1898 2172 2191 2242 LIBRI.

696 2351 875 2417 CAP.
903 2352 968 2415 1.
1009 2349 1075 2417 2.
1119 2351 1442 2416 Claudius
1460 2351 1542 2415 de
1564 2351 1976 2415 matrimonio
2006 2369 2157 2414 cum
2180 2346 2435 2412 libertis
2463 2348 2802 2416 deliberat.

607 2455 676 2518 3.
735 2451 1140 2535 Agrippina,
1198 2451 1579 2516 Germanici
1610 2451 1851 2533 [fratris
1882 2451 2025 2534 ejus
2076 2449 2239 2528 filia,
2298 2449 2451 2516 aliis
2505 2449 2807 2534 praelata,

607 2553 691 2618 L.
722 2553 974 2630 Silano,
1005 2555 1122 2616 cui·
1157 2553 1496 2636 desponsa
1521 2551 1834 2629 Octavia,
1874 2550 2150 2615 insidias
2180 2553 2397 2628 struit,
2484 2553 2551 2615 4.
2598 2553 2813 2620 admi,

601 2655 816 2717 nistro
842 2651 1141 2732 Vitellio,
1182 2653 1375 2719 5—7.
1420 2654 1527 2737 cuj
1535 2672 1613 2718 us
1662 2654 1912 2716 artibus
1956 2651 2205 2716 inducti
2254 2653 2537 2717 Senatus
2582 2653 2809 2737 Popu-

603 2753 844 2838 lusque
887 2755 1168 2820 infames
1213 2755 1479 2838 nuptias
1528 2757 1835 2839 probant.
1924 2753 1988 2818 8.
2034 2753 2304 2816 Silanus
2348 2760 2625 2819 mortem
2676 2755 2805 2822 sibi

605 2857 986 2921 consciscit.
1074 2855 1330 2920 Seneca
1357 2856 1444 2920 ab
1472 2856 1678 2920 exilio
1703 2854 1918 2920 redux
1955 2853 2197 2919 studiis
2228 2853 2515 2920 Neronis
2544 2862 2805 2939 praeest,

604 2955 673 3020 9.
705 2957 817 3019 cui
843 2955 1283 3039 despondetur
1306 2956 1617 3021 Octavia.

693 3055 803 3119 10.
851 3054 1078 3119 Parthi
1108 3055 1360 3138 Regem
1403 3055 1625 3120 Roma
1647 3063 1877 3138 petunt
1906 3056 2383 3137 Meherdatem‚
2430 3059 2535 3122 11.
2580 3077 2803 3141 quem,

607 3156 889 3221 missum
944 3177 990 3221 a
1039 3156 1341 3234 Claudio,
1402 3154 1682 3221 Cassius
1732 3159 1799 3221 in
1858 3158 2164 3241 Regnum
2220 3161 2460 3224 ducere
2508 3167 2806 3227 conatur.

607 3258 720 3324 12.
769 3257 1014 3322 Obstat
1039 3256 1221 3322 fraus
1251 3255 1507 3340 Abgari
1532 3263 1602 3320 et
1653 3257 1761 3321 13.
1808 3255 2036 3322 IzatiS.
2123 3260 2233 3324 14.
2268 3258 2515 3324 Victus
2544 3259 2806 3326 Meher-

607 3359 792 3423 dates
825 3359 1100 3423 Gotarzi
1128 3359 1426 3424 traditur.
1520 3357 1682 3425 Hoc
1708 3364 1962 3422 mortuo
1993 3358 2298 3442 Regnum
2326 3362 2393 3425 in
2427 3360 2801 3439 Vononem,

607 3459 758 3522 dein
784 3459 1186 3540 Vologesem
1215 3459 1616 3525 transfertur.
1687 3461 1795 3524 15.
1844 3459 2234 3539 Mithridati,
2267 3460 2571 3544 Regnum
2602 3461 2802 3526 Ponti

604 3559 971 3643 reciperare
1030 3559 1204 3636 niso,
1255 3557 1544 3623 Romani
1600 3561 1913 3625 resistunt
1950 3568 2016 3626 et
2075 3561 2284 3646 Cotys
2343 3571 2409 3628 et
2466 3563 2799 3628 Eunones.

603 3663 714 3727 16.
775 3659 965 3744 Uspe
1015 3662 1174 3725 urbe
1217 3667 1439 3744 capta,
1511 3661 1621 3725 17.
1668 3661 1979 3726 Zorsines
2027 3663 2275 3727 deserit
2325 3661 2799 3743 Mithridatem,

607 3761 747 3846 qui,
825 3763 935 3826 18.
999 3762 1287 3843 supplex
1356 3761 1639 3839 Eunoni,
1706 3763 1986 3827 19-21,
2030 3783 2149 3847 per
2194 3783 2343 3828 eum
2392 3784 2436 3829 a
2483 3765 2799 3851 Principe

607 3861 878 3930 veniam
909 3864 1235 3945 impetrat,
1267 3861 1687 3947 Romamque
1716 3863 2114 3948 perducitur.

693 3963 804 4029 22.
846 3962 1243 4047 Agrippinae
1275 3964 1524 4028 astibus
1570 3965 1789 4028 Lollia
1816 3963 2050 4028 cedere
2099 3963 2301 4030 Italia
2327 3968 2613 4053 jubetur,
2643 3969 2797 4036 cal-

557 4085 568 4153 ]
611 4067 854 4149 purnia
906 4066 1314 4150 pervertitur.
1415 4065 1524 4130 23.
1602 4065 1851 4129 Salutis
1908 4065 2275 4148 augurium.
2389 4071 2799 4137 Pomoerium

555 4187 570 4202 ·
610 4163 814 4232 Urbis
838 4167 1189 4252 prolatum,
1247 4167 1356 4236 24.
1399 4174 1467 4233 et
1493 4169 1611 4252 qui
1632 4167 1793 4232 olim
1817 4166 2222 4252 protulerint.
