3200 4934
45 640 48 647 ’
45 590 81 633 ἱ]

44 694 80 1459 fflm‘naz-ff‘ss'fsft'fflff

44 1610 69 2035 UCDH'E-D

44 2202 65 2681 ’κᾶν-ι’μἏ-Ῥ

416 426 572 481 1.οι
594 420 773 491 60.]’·’

1109 413 1521 496 ,Ακιιιιιιυιι
1571 420 1718 471 ms.
1771 416 1948 471 xm:
2419 482 2432 491 ‚
2465 392 2655 477 1⁶9&

1432 632 1648 684 No'rAE

421 775 531 839 snl,
569 789 675 841 quo
706 776 827 827 sciri
858 783 1035 841 posset
1070 791 1137 827 aa
1159 761 1385 828 universi
1405 792 1493 842 pe-

422 850 589 901 dibus
614 852 667 901 in
690 852 1001 903 sententiam
1024 852 1155 917 ejus,
1166 853 1255 918 qui
1273 854 1495 917 primum

421 932 732 991 censuerat,
766 929 1070 978 transirent.
1137 929 1311 979 Cuisi
1345 943 1497 979 nemo

419 1000 775 1064 contradixit,
830 1003 912 1053 vel
948 1016 1161 1053 numero
1207 1004 1498 1067 panciores,

412 1090 509 1140 per
530 1076 858 1127 discessio-ea
876 1074 1071 1129 factum
1094 1078 1193 1129 SC.
1216 1077 1333 1129 fnit.

488 1152 619 1201 Hoc
642 1152 863 1216 conjicio
885 1168 950 1203 ex
974 1155 1008 1203 l.
1032 1166 1128 1203 xv.
1151 1154 1287 1205 Αιιιι.
1306 1156 1323 1183 ⁴
1348 1157 1496 1206 Post·

420 1232 591 1292 quaxn
624 1228 991 1279 discessionem
1025 1230 1202 1279 consul
1242 1232 1497 1295 permisit,

420 1304 656 1368 pedibus
678 1306 731 1355 in
754 1307 1063 1356 sententiam
1088 1308 1197 1371 ejus
1222 1308 1346 1372 iere,
1373 1308 1498 1373 pau-

419 1379 503 1429 cis
522 1381 785 1431 exemtis!
860 1381 943 1432 Ad
952 1381 1123 1448 doque
1144 1384 1360 1433 Sueton.
1380 1383 1498 1435 Tib.

420 1450 510 1504 81'.
538 1456 557 1483 ‘
586 1454 715 1504 Cum
736 1457 836 1507 SC.
860 1472 955 1521 per
976 1458 1340 1509 discessionem
1360 1459 1499 1510 forte

422 1527 607 1594 lieret,
648 1538 997 1582 transeuntem
1034 1546 1152 1583 enm
1190 1534 1243 1583 in
1283 1536 1501 1585 alteram

421 1612 661 1671 partem,
679 1607 731 1656 in
754 1622 854 1673 qna
875 1609 1145 1673 pauciores
1168 1616 1336 1673 erant,
1356 1626 1501 1661 secu·-

422 1688 517 1732 tus
542 1689 626 1732 est
662 1684 848 1733 nemo!
915 1684 1005 1739 Ita,
1031 1686 1199 1736 Varro
1243 1686 1503 1737 intellexit

427 1757 712 1822 scriptum,
748 1756 862 1809 fieri
894 1760 993 1811 SC.
1047 1776 1135 1825 per
1162 1763 1503 1827 discam,

426 1833 475 1882 si
498 1835 906 1885 consentiretur.

444 1942 449 1947 ·
500 1910 635 1959 Cum
679 1922 822 1971 vero,
872 1910 1185 1964 discessione
1230 1915 1503 1979 permissa,

428 1984 687 2035 transiret
740 1998 893 2037 nemo
930 1988 983 2037 in
1022 1990 1331 2041 sententiam
1368 1992 1505 2041 illius

432 2060 530 2124 qui
552 2061 748 2124 primus
772 2060 1007 2125 dixisset,
1028 2063 1078 2111 in
1103 2078 1161 2113 re
1182 2064 1387 2115 seilicet
1408 2065 1499 2114 du·

433 2133 545 2197 bia,
586 2136 853 2200 inceptum
876 2152 909 2186 a
930 2138 1092 2203 gradu
1116 2140 1373 2189 consulari
1410 2156 1503 2204 per

433 2210 667 2274 singulos
685 2218 952 2263 senatores
970 2215 1253 2265 sententias
1270 2217 1500 2282 exquiri:

432 2293 551 2337 tum
604 2300 731 2337 voce
778 2290 983 2353 prolata
1022 2292 1303 2342 assentiens
1341 2294 1503 2359 priori

434 2364 733 2425 sententie,
750 2378 847 2415 nec
866 2380 933 2415 ex
953 2368 1149 2431 scripto
1170 2368 1395 2420 recitata
1415 2368 1506 2420 illa

434 2444 542 2500 est,
562 2439 644 2489 vei
682 2455 713 2490 a
751 2440 911 2505 priori
953 2441 1179 2507 diversa,
1218 2446 1379 2496 verbo
1418 2461 1507 2496 ex—

436 2520 650 2579 promta
692 2516 932 2581 primum,
952 2512 1157 2567 'deinde
1203 2534 1267 2567 ex
1312 2518 1509 2570 tabella

447 2590 619 2641 relata
640 2600 742 2652 est,
780 2592 861 2641 nti
881 2591 1031 2641 licuit
1050 2593 1111 2641 iis
1138 2594 1223 2657 qni
1233 2595 1323 2657 jus
1336 2594 1509 2645 dicen·

441 2665 527 2714 dte
571 2665 847 2715 sententie
883 2666 1226 2729 accepissent.
1292 2666 1390 2717 Ait
1420 2668 1507 2718 hic

442 2740 735 2803 Cornelius,
757 2756 859 2804 φη
880 2742 1049 2791 restent
1072 2757 1363 2806 expromere,
1386 2746 1509 2794 reia·

440 2817 703 2880 memque
734 2819 789 2867 ia
824 2832 881 2868 su
915 2820 1191 2881 postulem,-
1222 2818 1275 2867 id
1317 2826 1416 2883 est,
1446 2821 1510 2869 iis

446 2892 537 2957 qni
572 2893 627 2942 in
648 2901 881 2943 senatum
902 2894 1201 2956 veniebant,
1224 2902 1279 2943 et
1302 2902 1510 2945 senten·

446 2968 535 3021 tlte
566 2968 656 3032 jus
694 2968 971 3029 habebant,
1009 2969 1156 3020 licuit
1187 2983 1419 3033 censere,
1454 2978 1512 3021 et

448 3043 577 3093 alios
598 3050 657 3093 ut
672 3044 779 3108 jam
805 3044 1001 3108 piacita
1020 3043 1332 3107 dividerent,
1365 3052 1421 3095 et
1442 3046 1509 3095 de

450 3118 664 3183 singulis
718 3120 1001 3184 referrent,
1045 3135 1146 3185 qna
1188 3120 1510 3185 viderentur,

450 3208 651 3259 ‘⁰8⁸0‘

512 3270 601 3321 lui
618 3277 794 3321 autem
834 3272 923 3337 qni
954 3273 1007 3322 in
1041 3280 1279 3324 senatum
1302 3274 1510 3338 quidem

450 3347 745 3412 veniebant,
806 3349 895 3398 sed
956 3350 1083 3415 qnia
1132 3350 1187 3398 in
1242 3350 1511 3413 postremis

449 3423 631 3487 scripti
654 3431 825 3487 erant,
848 3439 949 3473 non
968 3426 1281 3489 rogabantur
1306 3432 1511 3476 senten-

452 3498 571 3562 tias,
604 3508 667 3549 ut
688 3501 724 3551 l.
750 3513 837 3549 ιιι.
870 3500 1103 3564 Agellius
1124 3500 1305 3564 refert,
1343 3501 1437 3551 sed
1459 3502 1513 3551 in

454 3588 543 3625 ω
558 3574 964 3640 descendebant,
986 3590 1112 3641 quas
1138 3577 1399 3641 principes
1416 3578 1513 3627 viri

452 3645 724 3701 dixissent.
790 3653 967 3705 Quare
998 3662 1055 3704 et
1090 3653 1159 3703 ab
1194 3654 1295 3703 iliis
1328 3654 1517 3704 disces-

452 3725 598 3776 sione
628 3726 789 3789 facta,
824 3736 883 3779 et
900 3730 967 3779 ab
1004 3730 1119 3779 aliis
1152 3729 1242 3793 qni
1264 3728 1376 3793 jam
1397 3743 1517 3778 cen-

453 3800 693 3864 suissent,
714 3804 947 3853 cessione
965 3804 1261 3866 sententie,
1276 3802 1517 3857 faciendo

456 3890 554 3941 per
572 3878 877 3933 relationem
897 3879 1037 3929 SCto
1059 3879 1306 3929 discessio
1342 3894 1514 3931 neces-

450 3951 589 4003 saria
607 3951 729 4014 fuit,
754 3968 869 4018 qne.
899 3954 1059 4018 juxta
1098 3956 1255 4020 cnriae
1286 3958 1517 4023 discipli-

458 4042 577 4081 nam
596 4036 715 4094 post
734 4030 1033 4081 relationem
1052 4031 1275 4095 Augusti
1292 4035 1347 4081 in
1368 4034 1517 4085 Lndo

455 4107 673 4157 Senecas
694 4104 763 4155 de
784 4112 955 4155 morte
976 4107 1183 4157 Claudii
1208 4108 1414 4171 legitur.

522 4180 611 4233 Ila
626 4180 916 4231 Tuberonis
936 4181 1191 4245 scriptum
1210 4180 1395 4232 Ateius
1424 4184 1521 4233 Ca-

459 4258 573 4327 pito
610 4256 841 4323 acepit,
880 4257 1019 4324 qood
1050 4257 1249 4309 nullum
1282 4257 1379 4309 Sc.
1418 4272 1519 4309 nou

1573 777 1717 829 facta
1750 778 2089 844 discessione,
2123 778 2240 831 lieri
2261 784 2468 846 posset·
2501 778 2644 845 apud

1576 854 1806 905 Gellium
1843 856 1879 904 i.
1917 868 2033 907 xlv.
2129 862 2185 907 et
2228 857 2524 921 exemplum
2561 862 2646 909 est

1576 930 1716 993 apud
1741 931 2098 993 Caecilianum,
2118 931 2155 982 l.
2179 944 2259 982 tx.
2280 946 2364 996 ep.
2383 935 2462 991 18.

1645 1006 1716 1055 Et
1753 1020 1930 1069 snpra,
1973 1020 2092 1055 cum
2135 1008 2356 1057 relatum
2397 1012 2536 1057 esset
2571 986 2638 1059 ad

1578 1080 1770 1131 Patres
1791 1082 1850 1130 de
1877 1095 2016 1144 pm
2036 1079 2341 1140 seminar-am
2355 1096 2460 1145 quc
2477 1082 2646 1145 sss-nis,

1574 1158 1660 1219 ξε.
1682 1155 1714 1205 Ι.
1739 1157 1879 1205 ιιι.ί
1907 1158 2065 1207 Facto
2086 1157 2186 1207 SC.
2221 1158 2512 1207 Pallantem
2530 1158 2642 1223 ejus

1576 1229 1842 1281 relationis
1886 1240 2210 1296 repertorem
2251 1232 2486 1283 ediderat
2527 1230 2655 1283 Cn·⁴

1576 1307 1694 1369 sar-‚³
1725 1306 1778 1355 id
1814 1313 1912 1368 est,
1954 1314 2216 1357 auctorem
2251 1309 2362 1372 ejus
2391 1308 2644 1358 delibera·

1578 1380 1736 1430 tionis
1759 1389 1816 1431 et
1833 1382 2130 1443 sententiat,
2162 1398 2278 1447 quae
2299 1384 2508 1433 tandem
2531 1383 2662 1447 pla·-

1579 1456 1685 1505 cito
1706 1464 1914 1506 senatus
1953 1458 2174 1521 probata
2194 1456 2501 1522 firmataque
2524 1457 2644 1509 fuit.

1578 1532 1830 1583 Similiter
1851 1534 1886 1581 l.
1910 1546 2030 1584 xiv.
2065 1537 2081 1562 ‘
2103 1535 2224 1583 Nou
2245 1533 2364 1583 ideo
2390 1538 2480 1581 ant
2500 1533 2647 1583 Coss.

1579 1612 1851 1656 mutavere
1906 1608 2232 1671 relationem,
2287 1618 2378 1657 ant
2420 1608 2648 1659 Thrasea

1582 1681 1808 1732 decessit
1827 1682 2125 1733 sententia.’

1649 1758 1872 1808 Constat
1909 1758 2085 1822 igitur,
2123 1773 2238 1823 qun
2268 1758 2336 1808 sit
2372 1760 2560 1821 relatio,
2591 1765 2650 1809 et

1582 1834 1704 1883 inde
1757 1840 1998 1884 constare
2041 1841 2220 1897 potest
2260 1834 2348 1895 ,ius
2384 1834 2648 1898 relationis,

1583 1909 1694 1959 sive
1716 1910 2007 1973 sententie,
2047 1908 2188 1973 qnod
2217 1914 2422 1958 senator
2449 1908 2648 1979 habuit,

1586 1992 1642 2035 et
1663 1984 1735 2035 ita
1751 1984 1954 2049 habuit,
1975 1991 2034 2034 ut
2063 1985 2114 2033 in
2135 1990 2398 2048 potestate
2423 1982 2650 2047 principi

1580 2058 1914 2123 conferenda,
1934 2060 2146 2109 solenne
2169 2057 2328 2107 fuerit
2352 2057 2436 2117 jus
2456 2058 2650 2106 relatio·

1578 2137 1656 2187 sss's
1677 2136 1926 2197 tribuere,
1959 2149 2060 2200 qno
2082 2134 2302 2196 scilicet,
2343 2138 2401 2183 ut
2421 2140 2654 2197 senator,

1581 2219 1837 2262 uteretur.
1879 2212 2173 2261 Ver-trasiae.

1649 2286 2060 2351 netarium-que]
2093 2286 2217 2336 Non
2233 2284 2416 2335 habuit
2439 2284 2650 2350 proprie

1587 2369 1798 2415 senator
1815 2364 1902 2425 Jas
1928 2362 2189 2425 relationis,
2231 2374 2326 2411 nec
2347 2359 2484 2411 forte
2509 2360 2652 2425 prin-

1588 2454 1713 2505 ceps
1733 2440 1864 2505 ipse,
1885 2440 1984 2489 nisi
2003 2452 2121 2489 cnm
2144 2438 2324 2489 consul
2351 2443 2506 2487 esset.
2559 2436 2651 2487 Se·

1588 2525 1741 2566 nator
1797 2515 1979 2565 habuit
2012 2515 2102 2577 jus
2145 2512 2470 2578 proponendi
2510 2513 2652 2577 apud

1589 2597 1788 2653 patres,
1822 2590 1980 2638 etiam
2003 2602 2120 2637 cum
2140 2587 2206 2637 de
2229 2588 2332 2637 alia
2354 2604 2411 2639 re
2435 2590 2654 2642 interro·

1590 2671 1822 2727 geretur,
1847 2663 2090 2728 quicquid
2115 2678 2144 2712 e
2177 2662 2383 2726 Repub.
2400 2678 2513 2713 esse
2535 2678 2654 2714 cen·

1586 2745 1747 2801 seret,
1791 2746 1846 2789 et
1881 2739 2188 2788 relationem
2225 2738 2280 2787 iu
2323 2751 2434 2787 eam
2479 2752 2587 2788 rem
2624 2753 2657 2787 a

1590 2815 1884 2866 consulibus
1923 2814 2221 2877 postulare:
2273 2814 2410 2877 qnod
2444 2813 2528 2863 liic
2564 2827 2656 2863 ex·

1589 2892 1784 2957 pressit
1821 2890 2072 2941 Tacitus:
2127 2890 2143 2918 ⁸
2167 2890 2352 2939 Licere
2399 2890 2665 2956 patribus,-

1590 2970 1828 3034 quotiens
1837 2969 1927 3032 jus
1955 2966 2186 3016 dicendas
2212 2968 2486 3015 sententias
2509 2980 2658 3017 acce-

1589 3046 1806 3110 pissent,
1825 3058 1942 3109 qnae
1963 3043 2160 3093 velient
2182 3056 2508 3107 expromere,
2529 3044 2662 3095 reia·

1591 3122 1888 3186 tionemqne
1925 3121 1981 3171 in
2017 3134 2081 3170 ea
2119 3121 2382 3183 postulare
2403 3119 2436 3182 ς’
2471 3132 2658 3184 nempe

1589 3211 1621 3248 a
1645 3196 1956 3259 consulibus,
1975 3195 2032 3243 id
2062 3198 2150 3259 qui
2191 3208 2332 3259 sepe
2357 3194 2670 3244 abnuebant·

1591 3274 1816 3338 pessimo
1852 3270 2113 3334 exemplo.
2177 3270 2282 3319 Sed
2319 3270 2372 3319 id
2411 3276 2661 3333 corrupta

1592 3348 1799 3412 Repnb.
1857 3360 1959 3412 qua
2013 3346 2136 3395 nihil
2189 3347 2300 3410 jam
2351 3346 2462 3395 fere
2511 3346 2660 3410 prisci

1590 3440 1753 3475 orons.

1661 3501 1768 3551 Hic
1789 3502 1952 3551 multa
1974 3502 2121 3551 addit
2135 3502 2440 3551 Vertranins
2457 3502 2524 3551 de
2537 3501 2658 3566 jure

1595 3578 1772 3626 tertiae
1794 3584 1852 3626 et
1893 3578 2088 3641 quintae
2128 3578 2394 3627 relationis
2433 3578 2485 3626 in
2525 3578 2676 3641 prin-a

1598 3653 1740 3716 cipe,
1761 3667 1877 3716 quae
1901 3653 2060 3703 dubia
2088 3660 2208 3703 sunt
2245 3660 2300 3703 et
2337 3655 2570 3703 incerta:
2606 3659 2662 3703 et

1596 3725 1734 3777 forte
1755 3728 1979 3777 maxime
2017 3734 2174 3792 errat,
2211 3742 2330 3778 cnm
2351 3727 2483 3778 dicit
2518 3728 2574 3777 in
2596 3742 2662 3778 eo

1596 3802 1882 3854 consistere
1899 3805 2025 3853 iliud
2039 3806 2127 3869 jus
2149 3806 2320 3855 tertioe
2343 3819 2434 3855 seu
2465 3805 2662 3869 quinto

1594 3881 1881 3944 relationis,
1911 3885 1970 3930 nt
1991 3882 2253 3931 sententia
2277 3881 2529 3943 principis
2571 3879 2664 3928 tri·

1598 3956 1694 4005 bus
1716 3962 1808 4006 ant
1831 3956 2058 4021 quinque
2082 3964 2374 4005 senatorum
2402 3953 2662 4003 relationi·

1596 4032 1690 4081 bns
1712 4046 1804 4081 seu
1827 4033 2101 4081 sententiis
2131 4030 2509 4095 oequipolleret.

1643 4106 1885 4156 Fallitur
1921 4122 2040 4157 cnm
2081 4108 2366 4155 mimicas
2397 4114 2452 4155 et
2472 4104 2666 4156 relatio-

1596 4196 1708 4232 nem
1739 4181 2036 4244 confundit,
2076 4194 2194 4246 qum
2215 4182 2436 4231 maxime
2459 4181 2663 4233 diversa

1600 4264 1740 4307 sunt.
1805 4258 2006 4308 Habuit
2041 4264 2186 4308 certe
2205 4264 2412 4308 senator
2437 4258 2526 4323 jas
2548 4272 2664 4327 pro·
