3200 4934
445 414 502 470 J.
525 417 588 469 C.
609 416 722 480 CL]

1149 406 1568 459 ANNAMUM
1620 408 1769 458 Lus.
1816 407 1963 457 ΧΠ.

2470 394 2647 463 1239

447 552 672 619 tannia
697 556 1012 637 eoeptum.
1099 548 1295 614 Unde
1317 549 1501 617 sama
1542 550 1688 634 ejus
1730 557 1965 617 evecta
2001 550 2273 619 insnlas¹
2314 556 2383 619 et
2416 551 2645 637 proxi-

449 674 595 719 mns
615 655 992 737 provinciae
1015 658 1398 736 pervagata,
1418 672 1536 735 per
1563 652 1835 717 Italiam
1862 672 2131 737 qnoque
2152 654 2643 721 celebrabam:

449 758 860 840 avebantque
881 756 1116 833 visere,
1153 754 1304 838 quis
1330 754 1442 819 ille
1469 758 1570 819 tot
1595 774 1715 837 per
1740 773 1951 819 annos
1978 774 2143 839 opes
2168 760 2429 821 nostras
2458 774 2642 840 spte-

447 856 674 924 viseet.
762 856 874 922 Ne
903 857 1140 943 Romae
1169 854 1436 941 quidem
1462 856 1751 939 ignobile
1790 855 2140 922 Cametaci
2178 876 2417 922 nomen
2454 860 2639 922 erat:

452 962 520 1022 et
546 958 804 1039 caesas,
833 958 992 1024 dum
1035 978 1230 1025 suum
1257 958 1460 1023 decus
1495 958 1778 1037 extollit,
1818 959 2079 1024 addidit
2116 960 2393 1043 gloriam
2436 960 2644 1025 victo.

447 1145 696 1217 postqieem
717 1140 882 1191 bellam
904 1142 1086 1191 exarsit
1105 1142 1158 1191 ιἰι
1180 1140 1456 1191 Britannia.
1523 1140 1686 1196 Quare

449 1217 538 1267 per
557 1206 736 1254 ricinus
751 1206 1014 1282 pres-incias
1031 1220 1211 1269 sparsa,
1237 1218 1324 1268 per
1347 1204 1576 1254 Italiam
1557 1220 1709 1267 vpsum
1714 1156 2083 1262 ‘extollebatur-,-
2113 1210 2163 1255 et

456 1269 558 1329 qais
575 1268 656 1317 ille
677 1274 748 1319 tet
769 1270 905 1319 ιιιιιιὶι
921 1271 1168 1335 imperinm
1185 1276 1395 1319 mss
1413 1270 1745 1319 contemnisne.
1812 1271 1888 1318 Ne
1919 1284 1971 1317 ιιι
1994 1239 2125 1317 Urbe

1714 1141 1870 1203 gioria
1895 1141 2147 1190 Cametnci
2164 1152 2349 1201 egressa
2381 1140 2576 1202 inulas,
2599 1144 2649 1191 et

2194 1203 2441 1267 cupiebant
2470 1204 2648 1264 cidere,

2151 1269 2339 1331 quiden
2370 1268 2533 1329 ι’ςιιοίιι
2558 1268 2651 1316 Ca-

452 1332 780 1393 mutilam
797 1340 938 1394 ενα,-
967 1339 1016 1385 et
1041 1336 1202 1384 (ἴωσι-
1220 1335 1333 1383 dum
1351 1348 1484 1383 m
1510 1334 1718 1394 gloriam
1733 1332 1955 1397 celebrat,
1970 1332 2141 1393 actia-it
2158 1334 2297 1383 decus
2315 1332 2454 1383 victo.
2519 1332 2650 1381 Nun

1436 1508 1651 1561 No'rAE

452 1634 483 1671 a
515 1622 781 1673 Messallis
813 1624 1177 1674 Gesseriacum
1212 1636 1376 1688 usqne
1417 1638 1508 1687 pe·-

453 1697 618 1748 dcstri
663 1698 848 1748 itinere
885 1696 1148 1761 confecto,
1187 1697 1310 1748 inde
1349 1705 1512 1747 trans·

455 1774 629 1837 misit3
662 1790 724 1825 ac
753 1775 864 1825 sine
901 1776 1005 1825 ιιΙΙο
1041 1775 1241 1837 praelio,
1275 1780 1366 1825 aut
1398 1788 1511 1824 san·

456 1852 630 1915 guinc,
649 1851 785 1901 intra
816 1850 1152 1916 paucissimos
1183 1850 1316 1912 dies,
1357 1856 1508 1913 parte

459 1926 638 1976 insulae
659 1927 713 1975 in
734 1926 1050 1976 deditionem
1077 1932 1310 1991 receptu,
1339 1932 1513 1988 sexto,

458 2015 610 2066 qnam
630 1998 894 2065 profectus
917 2008 1048 2064 erat,
1069 2013 1264 2060 mense,
1297 2002 1514 2051 Romam

457 2078 633 2142 rediit,
653 2078 1086 2142 triumphavitque
1117 2078 1338 2127 maximo
1359 2092 1519 2142 appa-

457 2158 594 2201 ratu.
673 2152 760 2201 Ad
800 2152 944 2215 cujus
987 2152 1340 2215 spectaculum
1382 2166 1516 2201 com-

457 2242 632 2279 meare
663 2227 718 2276 in
751 2228 969 2289 Urbem,
1002 2240 1102 2277 non
1139 2228 1305 2276 solum
1337 2228 1518 2291 praesi-

460 2302 612 2353 dibus
643 2304 1021 2367 provinciarum
1053 2302 1307 2366 permisit,
1336 2316 1516 2353 verum

459 2378 620 2430 etiam
641 2378 876 2429 exn-libus
892 2378 1229 2443 quibusdam:
1261 2384 1420 2443 atque
1443 2379 1518 2428 ln-

459 2461 542 2505 ter
562 2455 763 2505 hostilia
793 2456 972 2519 spolia,
1005 2455 1236 2503 navalem
1273 2468 1516 2504 coronam

459 2529 672 2596 fastigio
705 2532 962 2581 Palatinae
1003 2530 1180 2579 domus
1207 2531 1362 2593 juxta
1397 2528 1520 2579 civi-

461 2620 575 2657 cam
613 2606 746 2666 fixit,
785 2606 998 2670 trajecti
1039 2612 1097 2655 et
1148 2606 1294 2669 quasi
1333 2603 1518 2653 domiti

462 2680 664 2733 Oceani
699 2683 911 2746 insigne.
979 2682 1198 2731 Currum
1233 2680 1346 2743 ejus
1379 2680 1519 2729 Mes-

464 2759 642 2809 sallinu
662 2772 791 2807 uxor
810 2764 1062 2820 carpento
1097 2760 1276 2808 secuta
1296 2760 1378 2805 est
1396 2772 1410 2815 ;
1443 2768 1521 2804 se·

463 2834 572 2883 cuti
594 2839 650 2884 et
673 2831 1002 2896 triumphalia
1019 2836 1322 2881 ornamenta
1338 2829 1522 2889 eodem

463 2909 601 2959 bello
622 2909 818 2973 adepti,
839 2908 932 2959 sed
954 2906 1119 2957 ceteri
1142 2905 1376 2969 pedibus,
1398 2905 1520 2955 etin

465 2988 757 3047 pretextu:
795 2983 1012 3031 Crassus
1034 2981 1176 3043 frugi
1198 2994 1330 3045 equo
1353 2980 1526 3042 phale-

463 3065 598 3120 rato,
624 3064 678 3107 et
711 3058 764 3105 in
798 3062 944 3107 veste
978 3058 1224 3120 palmate,
1245 3054 1385 3119 qnod
1407 3068 1523 3104 eum

463 3134 704 3184 bonorem
725 3133 1046 3183 iteraverat!

532 3209 762 3259 Adverte
795 3208 967 3273 igitur,
997 3208 1053 3257 in
1085 3204 1415 3271 expeditione
1436 3206 1525 3256 illa

469 3298 570 3335 non
609 3300 724 3335 esse
761 3286 1128 3349 triumphatum
1171 3284 1526 3348 Caractncum,

468 3360 532 3409 de
554 3375 654 3425 quo
673 3374 740 3409 ne
761 3360 971 3423 quidem
993 3358 1208 3407 verbnm
1239 3358 1322 3407 hic
1343 3358 1527 3409 Sueto-

465 3436 569 3500 nio,
589 3450 756 3501 neque
778 3437 932 3485 etiam
955 3434 1056 3500 ipsi
1077 3434 1259 3495 Dioni,
1289 3435 1376 3498 qui
1395 3434 1526 3484 dicit

467 3520 666 3563 tantum
685 3512 878 3563 victum
892 3526 1025 3573 esse,
1041 3522 1143 3558 non
1161 3516 1388 3572 captum.
1422 3509 1524 3573 Igi-

467 3596 552 3638 tur
569 3590 832 3654 expeditio
845 3585 1054 3637 Claudii
1071 3592 1246 3649 coepta
1262 3598 1394 3634 enno
1410 3588 1525 3634 796.

471 3668 524 3711 et
547 3670 691 3713 actus
714 3664 1000 3728 triumphus
1023 3666 1138 3712 797.
1155 3668 1353 3725 septem
1371 3661 1528 3711 inter-

472 3738 653 3801 positis
674 3740 967 3790 mensibus:
1003 3746 1058 3788 at
1077 3739 1225 3801 longo
1245 3744 1362 3801 post
1383 3738 1526 3787 illum

473 3812 786 3876 triumphum
821 3822 1074 3877 tempore,
1097 3821 1284 3876 ceptus
1318 3818 1399 3863 est
1429 3813 1528 3862 Ca-

472 3894 708 3937 ractacus
731 3890 798 3937 ab
821 3889 1053 3949 Ostorio,
1075 3888 1212 3938 forte
1241 3902 1420 3939 versus
1442 3904 1530 3938 nn-

473 3977 592 4013 num
615 3962 684 4012 U.
703 3962 767 4012 C.
789 3968 903 4014 802.
926 3966 1008 4014 vel
1032 3968 1176 4013 soa:
1212 3972 1268 4015 et
1291 3964 1422 4015 bene
1457 3966 1532 4015 ait

473 4036 706 4101 Tacitus,
737 4039 753 4066 ‘
773 4051 910 4086 nono
944 4048 1062 4102 post
1096 4053 1227 4088 enno
1250 4053 1404 4104 quam
1425 4040 1530 4091 bel-

472 4112 578 4162 lum
598 4112 652 4162 in
682 4112 952 4162 Britannia
981 4114 1239 4176 coptum?
1305 4116 1442 4163 Nam
1474 4122 1533 4165 ut

472 4187 638 4239 refert
655 4188 778 4250 Dio,
799 4186 1070 4252 inceperat
1091 4188 1146 4235 id
1166 4187 1360 4237 bellum
1381 4190 1531 4240 Clen-

471 4262 559 4315 die
580 4264 810 4330 tertium,
829 4268 888 4315 et
908 4264 968 4315 1..
985 4260 1200 4315 Vitellio
1220 4262 1534 4331 consulibus,

1587 1638 1773 1688 nempe
1791 1637 1925 1673 anno
1940 1626 2082 1685 ⁷9⁶4
2107 1638 2138 1672 u
2151 1636 2252 1687 qno
2268 1634 2431 1687 usque
2449 1620 2513 1671 ad
2531 1634 2653 1672 con·

1588 1700 1813 1749 sulatum
1849 1698 2054 1748 Claudii
2086 1700 2219 1749 Caes.
2250 1712 2301 1747 v.
2336 1704 2393 1747 et
2424 1696 2655 1747 Cornelii

1590 1774 1817 1839 Orphiti,
1848 1774 2033 1839 quibus
2070 1772 2455 1837 incipientibus,
2478 1784 2653 1821 narra-

1589 1853 1783 1902 tionem
1822 1852 1955 1901 hanc
1992 1851 2235 1901 terminat
2262 1851 2385 1901 Tac.
2422 1848 2655 1901 invenies

1589 1940 1773 1977 novem
1794 1940 1955 1976 annos
1978 1925 2213 1991 praecise.
2279 1926 2351 1974 Et
2381 1938 2504 1974 vero
2538 1937 2655 1988 pro-

1594 2002 1711 2067 pius
1734 2009 1830 2066 est,
1860 2002 2054 2052 bellum
2086 2002 2461 2064 Britannicum,
2482 2014 2653 2065 neque

1595 2078 1810 2129 desiisse
1830 2085 1954 2143 post
1974 2078 2289 2141 triumphum
2322 2076 2546 2138 Claudii,
2566 2090 2655 2127 ne-

1595 2168 1699 2217 qne
1731 2160 1849 2217 post
1880 2160 2093 2217 captum
2124 2154 2499 2202 Caraetacum:
2534 2151 2657 2202 binc

1595 2234 1693 2291 est,
1746 2227 1887 2293 qnod
1940 2228 2047 2279 Dio
2100 2232 2343 2278 accurate
2394 2224 2659 2289 describit,

1595 2306 1799 2370 quando
1820 2306 2050 2369 incepit3
2088 2310 2144 2355 at
2164 2310 2347 2368 postea
2370 2301 2659 2367 expeditio-

1594 2394 1713 2429 nem
1736 2386 1792 2430 et
1822 2381 2137 2444 triumphum
2160 2379 2361 2431 Claudii
2393 2378 2658 2442 scripsisse

1595 2463 1892 2519 contentus,
1910 2454 2035 2504 nibil
2074 2454 2214 2505 ultra
2248 2454 2313 2504 de
2350 2454 2659 2515 carectaco,

1597 2540 1689 2582 aut
1710 2532 1777 2581 de
1808 2531 1922 2581 aliis
1962 2530 2175 2580 ducibus
2212 2529 2475 2579 Britannis
2506 2542 2657 2593 repe-

1595 2609 1715 2671 rias,
1733 2608 1917 2659 saltem
1937 2605 2177 2670 principe
2200 2604 2432 2654 Claudio.
2466 2602 2661 2653 Ortum

1598 2689 1714 2732 erat
1736 2682 1791 2731 id
1806 2682 2018 2743 bellum,
2031 2695 2097 2730 ex
2118 2694 2183 2729 eo
2202 2679 2340 2743 quod
2362 2676 2663 2742 transfligas

1599 2758 1725 2822 ipsis
1766 2770 1869 2806 non
1919 2754 2201 2805 redderent
2240 2754 2480 2816 Romani,
2521 2759 2663 2803 teste

1599 2834 1814 2883 Sueten.
1838 2834 1979 2897 quod
2012 2832 2197 2881 ultimo
2229 2828 2429 2879 foedere
2449 2836 2665 2881 cautum

1604 2914 1939 2972 sanctumque
1958 2905 2148 2957 fuerat.
2214 2906 2321 2956 Per
2342 2906 2457 2955 illos
2478 2919 2665 2957 novem

1604 2997 1764 3032 annos
1806 2982 1936 3033 vicit
1978 2981 2244 3044 Claudius,
2286 2981 2546 3043 Plautius,
2586 2979 2667 3030 Si-

1604 3058 1719 3107 dius
1742 3058 1899 3120 Geta,
1932 3056 2062 3108 vicit
2092 3064 2148 3107 et
2179 3057 2521 3121 Vespasianus
2543 3070 2664 3107 cum

1599 3132 1765 3183 fratre
1786 3133 1975 3183 Sabino
1991 3138 2048 3183 et
2066 3131 2173 3182 filio
2186 3132 2329 3195 Tito,
2351 3133 2437 3197 qni
2458 3138 2665 3196 patrem

1600 3218 1891 3259 versantem
1912 3210 1966 3258 in
1984 3221 2179 3257 summo
2211 3207 2500 3256 discrimine
2533 3204 2663 3255 libe-

1602 3286 1751 3336 ravit.
1814 3284 2169 3348 Triumphalia
2204 3282 2428 3345 insignia
2458 3280 2664 3331 obtinu-

1600 3374 1691 3409 ere
1722 3359 1979 3420 Plautius,
2013 3356 2171 3419 Geta,
2202 3365 2260 3406 et
2278 3356 2665 3419 Vespasianus:

1596 3436 1689 3484 sed
1730 3436 1845 3484 hoec
1883 3433 2017 3483 malo
2054 3432 2167 3482 fato
2199 3432 2449 3481 librorum
2486 3432 2666 3484 Taciti

1606 3510 1884 3561 amisimus.
2652 3530 2661 3537 ·

1670 3585 1823 3637 Quod
1841 3589 2046 3650 spectat
2065 3584 2131 3633 ad
2165 3582 2448 3633 dissensum
2480 3582 2667 3634 Dionis

1607 3667 1661 3710 et
1680 3660 1866 3723 Taciti,
1888 3662 1931 3709 si
1957 3660 2072 3725 quis
2090 3660 2164 3710 ibi
2192 3660 2280 3721 sit,
2316 3659 2443 3709 nihil
2477 3674 2666 3711 novum

1606 3734 1860 3785 dissidere
1884 3736 2023 3799 ipsos
2044 3734 2097 3783 in
2118 3734 2509 3787 circumstantia
2540 3742 2667 3787 tem-

1608 3811 1746 3875 poris
1768 3818 1825 3863 et
1846 3826 2099 3876 personae.

1662 3884 1677 3919 ¹
1698 3886 1876 3937 Eece-te
1894 3886 2094 3950 ιἰιιιαω]
2118 3886 2181 3937 Id
2200 3892 2517 3952 esgegressa
2527 3894 2669 3937 trans

1608 3966 1797 4015 insulas
1836 3956 2151 4028 Brita’nnioe3
2184 3967 2261 4016 ita
2300 3973 2362 4015 nt
2394 3978 2489 4031 per
2525 3978 2670 4028 prox-

1608 4044 1729 4091 imas
1762 4043 2034 4105 provincias
2064 4042 2307 4103 Galliam,
2344 4040 2671 4104 Hispaniam,

1612 4124 1669 4167 et
1688 4118 1897 4167 Italiam
1928 4118 2093 4181 ipsam
2114 4115 2482 4167 celebraretur.
2538 4113 2671 4164 Con-

1610 4192 1837 4242 tendunt
1848 4191 2096 4255 nonnulli,
2102 4192 2304 4241 unicam
2320 4202 2437 4239 osse
2448 4189 2669 4241 insulam

1612 4268 1987 4335 Britannicam,
2006 4267 2099 4320 sed
2128 4265 2185 4318 id
2220 4270 2415 4332 proter
2442 4271 2669 4321 mentem
