3200 4934
616 378 787 466 1524

1319 412 1386 459 0.
1435 408 1793 459 CORNELII
1840 406 2097 458 'morri

2492 410 2679 477 [A..u.
2702 416 2821 465 sio.

611 560 894 623 terrent:
951 552 1172 620 medio
1222 554 1539 638 temporis
1604 558 1835 619 contra
1896 552 2113 618 dicere
2158 549 2440 633 liceret}
2472 550 2689 637 deque
2736 572 2825 620 eo

615 658 943 725 Consules
991 654 1383 720 statuerent?
1471 653 1785 720 cohibita
1830 655 2077 719 arctius
2114 658 2183 717 et
2224 650 2552 719 AEdilium
2594 660 2823 738 potes·

621 770 752 839 tasi,
775 762 1243 841 statutumque,
1272 760 1293 790 ‘
1319 762 1636 841 quantum
1654 756 1962 833 curules}
1976 760 2295 840 quantum
2312 752 2557 839 plebei*
2582 757 2823 840 pigno-

620 934 873 985 tradicere
907 933 1114 994 liceret3
1149 938 1308 997 atque
1348 932 1415 981 de
1447 946 1512 981 ea
1540 944 1597 981 re
1620 932 1856 981 consules
1870 928 2185 993 judicarent.
2254 928 2424 979 Etimu
2443 930 2697 981 munim
2712 947 2821 981 arc·

615 1013 714 1061 tias
732 1012 988 1065 uctoritas
1005 1012 1234 1075 edilium,
1251 1011 1586 1075 amicitiasque,
1626 1017 1873 1075 quantum
1904 1008 2125 1073 curules,
2164 1014 2415 1073 quantum
2454 1008 2665 1073 plebeil,
2704 1010 2823 1075 pig·

1612 1136 1825 1189 NOTAE

611 1254 1100 1321 prosequendosque
1133 1260 1458 1322 suppeteret,
1499 1254 1673 1305 uerari-

611 1330 696 1380 um
735 1331 1108 1381 militare.cum
1140 1331 1485 1397 vectigalibus
1525 1331 1669 1380 novis

615 1404 874 1455 instituit!

635 1483 642 1491 ’
677 1482 869 1532 AErurii
888 1482 1184 1546 quantor-em]
1231 1484 1318 1534 De
1339 1483 1505 1547 prima
1525 1482 1672 1532 inati-

617 1558 816 1606 tutione
867 1565 1184 1623 quaestorum
1223 1558 1414 1622 aerarii,
1463 1559 1538 1608 sic
1577 1559 1671 1607 Ul-

611 1635 753 1697 pian.
778 1634 834 1684 ff.
852 1635 887 1685 l.
911 1650 951 1685 ι.
973 1635 1086 1686 Tit.
1111 1640 1191 1687 1⁸.
1230 1636 1247 1664 ‘
1270 1636 1433 1700 Origo
1451 1642 1673 1702 quaesto-

609 1710 751 1760 ribus
799 1711 1040 1761 creandis
1081 1712 1438 1777 antiquissima
1477 1718 1578 1775 est,
1620 1718 1675 1762 et

609 1802 762 1850 paene
779 1793 900 1835 ante
919 1800 1096 1837 omnes
1114 1788 1462 1852 magistratus.
1483 1788 1673 1841 Junius

611 1860 949 1911 Gracchanus
963 1860 1057 1911 lib.
1074 1874 1176 1913 vn.
1207 1862 1288 1912 De
1305 1862 1673 1927 potestatibus,

611 1936 776 1988 refert
794 1936 950 1987 etiam
981 1938 1150 2002 ipsum
1189 1940 1461 1989 Romulum
1483 1944 1540 1989 et
1559 1938 1673 1989 Nu-

614 2026 751 2062 mam
772 2010 1089 2077 Pompilium
1111 2012 1262 2064 binos
1284 2019 1567 2080 quaestores
1586 2014 1677 2063 ba-

611 2090 804 2153 buisse,
839 2104 968 2154 quos
991 2088 1092 2153 ipsi
1122 2102 1226 2140 uon
1263 2103 1357 2139 sua
1391 2102 1544 2153 voce,
1580 2090 1675 2139 sed

614 2165 792 2228 populi
814 2162 1060 2229 suffragio
1082 2170 1340 2214 crearent.
1394 2164 1500 2214 Sed
1522 2164 1677 2215 sicuti

613 2239 826 2289 dubium
868 2245 969 2301 est,
1015 2254 1102 2301 an,
1140 2238 1362 2289 Romulo
1403 2246 1459 2288 et
1501 2240 1675 2289 Numa

611 2314 876 2379 Pompilio
906 2314 1263 2379 regnantibus,
1297 2320 1524 2379 questor
1561 2312 1677 2363 fue·

611 2391 699 2451 rit,
720 2389 816 2453 ita,
843 2390 991 2439 'Pullo
1025 2388 1250 2438 Hostilio
1271 2402 1417 2452 rege,
1448 2394 1673 2452 quaesto·

611 2461 694 2515 r'es
713 2464 872 2514 fuisse
912 2470 1112 2514 certum
1149 2470 1264 2513 est:
1311 2470 1368 2513 et
1400 2476 1524 2513 sane
1555 2478 1673 2514 cre-

609 2538 750 2589 brior
777 2538 916 2603 apud
953 2546 1158 2589 veteres
1197 2537 1376 2604 opinio
1413 2543 1493 2587 est
1532 2538 1668 2588 Tun.

611 2613 888 2663 Hostilium
925 2614 1146 2679 primum
1183 2615 1237 2664 iu
1277 2614 1539 2679 Rempub.
1578 2628 1670 2666 eos

608 2688 888 2741 induxisse.
977 2691 1050 2740 Et
1088 2704 1120 2740 a
1166 2704 1358 2753 genere
1403 2690 1670 2755 querendi

610 2772 895 2829 quaestores
955 2764 1106 2815 initio
1151 2765 1339 2829 dictos,
1379 2764 1569 2837 ,lunius
1613 2772 1671 2815 et

607 2841 878 2891 Trebatius
900 2847 957 2891 et
978 2841 1275 2890 Fenestella
1295 2840 1562 2890 scribunt!

677 2916 700 2949 f
727 2918 788 2966 In
825 2917 1038 2981 publicus
1070 2915 1279 2977 tubulus]
1346 2914 1506 2977 Puto,
1549 2916 1671 2980 quia

605 3002 710 3039 non
746 2990 1081 3039 solvebantur
1117 2990 1347 3050 mulctae,
1383 2988 1560 3039 statim
1595 2996 1673 3039 ut-

612 3066 713 3127 q'ue
733 3064 947 3113 iudictae
987 3070 1162 3113 essent
1201 3078 1232 3113 a
1267 3063 1523 3127 tribunis;
1575 3066 1671 3116 sed

611 3144 741 3200 tum,
783 3152 902 3187 cum
945 3152 978 3185 a
1020 3138 1362 3202 quaestoribus
1408 3140 1579 3191 aerarii
1615 3140 1670 3189 iu

609 3212 845 3277 publicas
877 3214 1081 3264 tabulas
1119 3216 1300 3265 relatoe
1323 3223 1530 3277 essent3
1571 3216 1671 3266 ita-

609 3302 710 3353 que
772 3288 1130 3340 conceduntur
1185 3295 1407 3355 quatuor
1462 3304 1666 3341 menses

607 3371 728 3429 post
747 3366 965 3417 mulctas
1001 3366 1188 3429 dictas,
1218 3368 1356 3417 iutra
1377 3366 1516 3432 quod
1535 3375 1664 3418 tem-

605 3454 704 3503 pus
726 3441 1082 3493 contradicere
1102 3442 1261 3493 liceat
1279 3442 1512 3494 tribunis.

671 3524 700 3560 ⁸
733 3518 974 3574 Quantum
1006 3518 1208 3582 canas]
1260 3518 1348 3569 Sic
1381 3518 1510 3569 dicti
1543 3520 1665 3584 quia

607 3592 720 3643 neu«
750 3594 901 3642 cundi
935 3599 1240 3655 uterentur;
1291 3610 1418 3659 quos
1459 3596 1665 3645 Plutar-

610 3668 732 3717 chus
751 3668 804 3715 in
827 3668 998 3717 Mario
1015 3669 1214 3730 mutieres
1233 3672 1394 3719 aediles
1414 3672 1666 3736 appellat,

605 3741 661 3789 hi
683 3740 994 3791 creabantur
1025 3758 1092 3791 ex
1129 3745 1380 3808 patriciis.
1432 3745 1609 3795 livius
1629 3747 1665 3797 Ι.

605 3826 685 3867 vl.
731 3814 748 3842 ‘
771 3816 904 3865 Cum
925 3816 1204 3867 concordia
1225 3819 1364 3868 inter
1382 3820 1588 3881 plebem
1607 3828 1666 3871 et

606 3896 780 3957 patres
819 3890 971 3955 inita,
1011 3899 1220 3942 senatus
1261 3894 1412 3943 ludos
1457 3894 1511 3943 in
1549 3896 1665 3959 ejus

605 3968 853 4018 honorem
877 3966 1212 4031 decrevisset,
1227 3974 1283 4017 et
1303 3968 1478 4020 aediles
1495 3972 1665 4034 plebis

605 4034 661 4093 s'e
696 4058 787 4093 eos
819 4042 1049 4094 facturos
1087 4052 1428 4109 recusassent,
1461 4048 1665 4099 concla-

606 4106 818 4171 n'iarunt
855 4119 1066 4184 patricii
1094 4120 1340 4185 juvenes,
1392 4138 1450 4173 se
1485 4122 1540 4172 id
1575 4124 1666 4175 bo-

605 4194 746 4243 noris
790 4194 961 4246 Deum
998 4194 1356 4247 inmortalium
1407 4200 1566 4251 causa
1608 4200 1668 4252 li-

1750 1253 1939 1303 benter
1980 1257 2211 1314 acturos,
2252 1258 2313 1301 ut
2374 1248 2553 1301 ediles
2606 1250 2820 1304 flerent.

1751 1328 1953 1382 Quibus
1970 1342 2087 1378 cum
2109 1327 2174 1377 ab
2196 1326 2450 1377 universis
2474 1326 2657 1391 gratim
2678 1336 2821 1381 aeta

1750 1410 1942 1467 essent,
1960 1396 2159 1453 factum
2196 1403 2720 1467 senatusconsultum,
2756 1412 2823 1461 ut

1750 1479 1877 1529 duos
1895 1478 2032 1529 viros
2054 1478 2231 1528 ediles
2248 1492 2317 1529 ex
2334 1477 2568 1541 patribus
2586 1478 2823 1532 dictator

1752 1555 1996 1620 populum
2016 1552 2265 1617 rogaret!

1816 1630 2009 1680 Munus
2030 1630 2235 1680 illorum
2256 1627 2359 1678 fuit
2389 1624 2540 1679 ludos
2568 1643 2735 1681 sacros
2756 1633 2821 1683 et

1751 1705 1989 1755 solennes
2006 1704 2281 1755 instituere
2297 1710 2356 1755 et
2376 1717 2679 1767 procurare,
2694 1706 2827 1758 ndi.

1752 1794 1837 1831 um
1876 1794 2138 1831 sacrarum
2176 1784 2234 1829 et
2273 1778 2590 1844 privatarum
2636 1794 2821 1833 euram

1750 1858 1959 1909 babere.

1816 1934 1929 1984 Cic.
1964 1934 2019 1981 in
2054 1931 2309 1981 Verrem:
2359 1929 2376 1960 ⁶
2396 1931 2555 1981 Nunc
2584 1945 2701 1983 sum
2732 1933 2823 1985 de-

1746 2007 1983 2072 signatus
2002 2007 2192 2071 edilis,
2210 2007 2371 2057 habeo
2392 2008 2821 2075 rationern,quid

1748 2098 1781 2133 a
1801 2084 1994 2148 populo
2018 2084 2167 2133 Rom.
2191 2083 2502 2148 acceperim,
2513 2085 2643 2135 mibi
2664 2086 2819 2139 tado·

1748 2160 2097 2209 sanctissimos
2118 2160 2347 2209 maxima
2362 2172 2480 2208 cum
2494 2172 2619 2209 cura
2632 2166 2693 2211 et
2708 2176 2820 2212 cm-

1746 2234 1964 2284 rlmonia
2006 2234 2205 2297 Cereri,
2246 2233 2462 2297 Libero,
2502 2234 2823 2302 Liberoque

1746 2308 2045 2360 stcieudon
2094 2310 2221 2359 mihi
2253 2310 2461 2359 Floram
2486 2317 2709 2361 matrem
2728 2326 2823 2377 po-

1750 2385 1873 2449 pulo
1895 2384 2135 2449 plebique
2158 2384 2313 2435 Rem.
2332 2384 2575 2435 ludorum
2602 2387 2821 2438 celebri-

1752 2466 1861 2509 tate
1907 2460 2245 2524 placandam:
2316 2460 2441 2511 milti
2489 2462 2641 2513 ludus
2682 2465 2823 2515 anti-

1753 2536 2039 2601 quissimos,
2059 2537 2149 2602 qui
2171 2535 2324 2601 primi
2346 2538 2566 2588 Romani
2586 2544 2707 2589 sunt
2722 2552 2821 2591 no-

1748 2612 1951 2677 minati,
1972 2612 2199 2662 maxima
2221 2626 2339 2662 cum
2374 2612 2637 2677 dignitate
2654 2628 2715 2667 ac
2736 2622 2825 2666 ren*

1749 2686 1939 2751 ugione
1992 2686 2135 2750 Jovi,
2184 2686 2400 2749 Summi,
2456 2688 2819 2756 Minervaeque

1746 2776 1863 2812 esse
1894 2761 2198 2813 faciendos:
2250 2764 2377 2813 mibi
2408 2778 2675 2817 sacrarum
2696 2768 2823 2819 oedi·

1747 2852 1833 2889 um
1852 2838 2285 2902 procurationem,
2302 2840 2427 2890 mihi
2450 2846 2613 2891 totam
2630 2842 2819 2893 urben

1748 2914 1995 2965 tuendam
2038 2928 2153 2963 esse
2198 2915 2537 2967 commissam.
2602 2916 2695 2967 01»
2724 2932 2821 2969 eas

1748 3004 1861 3040 rum
1892 3004 2063 3041 rerum
2098 2990 2329 3042 laborem
2350 2999 2410 3042 et
2430 2994 2816 3047 solicitudinem

1748 3064 1951 3116 fructus
1966 3066 2083 3117 illos
2102 3065 2271 3131 datos,
2290 3066 2626 3132 antiquiorem
2650 3069 2701 3117 in
2720 3077 2817 3119 se·

1750 3148 1877 3191 natu
1918 3142 2192 3192 sententia
2228 3142 2466 3194 dicende
2500 3145 2687 3207 locum,
2728 3151 2816 3195 te·

1750 3232 1868 3281 gam
1904 3225 2235 3283 praetextam,
2258 3220 2437 3269 sellam
2468 3222 2823 3285 curulem,th

1746 3293 1981 3358 imaginis
2002 3294 2069 3343 ad
2092 3295 2389 3345 memoriam
2422 3296 2817 3360 posteritatem·-

1744 3382 1847 3433 que
1869 3367 2229 3431 prodendam.’
2298 3369 2484 3421 Sacros
2520 3371 2637 3421 illos
2660 3371 2815 3423 ludos

1744 3458 1841 3507 pro
1890 3443 2043 3494 modo
2087 3444 2387 3508 patrimonii
2440 3454 2501 3497 et
2536 3446 2815 3513 diguitatis

1743 3534 1851 3569 sum
1876 3520 2243 3583 procurabant.

1808 3593 1835 3627 ¹¹
1870 3596 2114 3651 Quantum
2168 3596 2345 3660 plebei]
2408 3596 2602 3647 AEdiles
2642 3600 2817 3664 plebis

1746 3670 1896 3735 dicti,
1940 3672 2079 3737 quod
2119 3686 2151 3721 e
2194 3673 2351 3737 plebe
2392 3682 2711 3739 crearentur,
2754 3682 2815 3727 et

1746 3748 1912 3811 plebis
1970 3749 2171 3813 proprii
2230 3750 2561 3813 magistratus
2618 3758 2812 3801 essent

1746 3824 2019 3888 originem
2074 3840 2253 3877 eorum
2302 3826 2551 3878 describit
2586 3828 2813 3893 Dionys.

1744 3900 1921 3950 Halic.
1940 3902 2031 3951 lib.
2056 3916 2133 3953 vl.
2184 3904 2203 3931 ‘
2222 3903 2355 3951 Cum
2386 3903 2519 3951 inita
2538 3904 2682 3953 inter
2718 3918 2813 3968 pa·

1746 3982 1853 4027 tres
1886 3982 1941 4027 et
1962 3978 2165 4041 plebem
2188 3977 2485 4041 concordia,
2516 3979 2668 4043 plebs
2688 3992 2809 4045 qua

1744 4052 1799 4101 iu
1822 4059 2049 4103 montem
2086 4066 2289 4103 sacrum
2326 4061 2629 4118 secesserat,
2648 4056 2703 4105 la
2723 4068 2813 4105 ur·

1744 4120 1865 4178 bem
1884 4126 2144 4190 rediisset,
2166 4135 2221 4178 et
2258 4130 2593 4193 impetrasset
2608 4146 2643 4181 a
2664 4144 2815 4182 seua-

1744 4209 1821 4269 tu,
1844 4210 1903 4255 ut
1912 4203 2110 4255 liceret
2122 4204 2224 4257 sibl
2242 4206 2517 4271 quotannis
2534 4220 2566 4258 e
2580 4220 2676 4260 suo
2694 4222 2815 4261 cor-
