3200 4934
581 342 757 411 1483
1283 362 1353 409 c.
1400 360 1770 413 ‹sonu-nnn
1815 348 2104 412 ‘raeiri‘
2459 374 2646 440 [Aac.
2667 344 2803 433 σου(

582 504 867 571 absurde
894 504 1183 571 dixisse:
1231 508 1255 539 ‘
1282 502 1391 575 Ire
1418 504 1817 583 Pallantem,
1845 510 1915 571 ut
1945 506 2300 591 ejurati-etet
2383 512 2561 580 Sane
2591 519 2786 603 pepi.

581 614 769 689 gerat
796 604 1082 685 Pallas,¹¹
1115 612 1135 641 ‘
1156 627 1238 671 ne
1266 607 1485 692 cujus⁵
1514 607 1676 680 facti
1695 608 1764 671 in
1791 612 2202 692 praeteritum
2231 613 2786 700 interrogas-etur,¹

579 768 698 832 isse.-
721 776 809 830 Ire
826 780 1138 842 Pallantem,
1160 786 1219 829 nt
1239 778 1506 829 abdicaret
1528 780 1897 845 principatum.
1941 784 2006 832 Et
2024 784 2206 847 quidem
2216 790 2383 849 pactus
2402 792 2504 837 nat
2519 788 2702 853 Pallas,
2715 755 2784 845 ne

580 847 877 912 cujusquam
902 852 1059 895 antea
1079 851 1241 910 gestoe
1264 844 1341 895 rei
1363 846 1738 909 postularetur,
1755 854 1811 899 et
1833 846 2028 899 eaedem
2049 856 2226 903 essent
2245 851 2472 902 rationes
2485 852 2644 919 illins,
2661 868 2782 921 qun

1494 1004 1725 1025 00000000
1733 1004 1815 1024 000
1829 1003 1848 1017 ⁸

578 1114 673 1158 —5
707 1106 792 1157 Sic
809 1106 891 1157 ed.
914 1122 995 1179 pr.
1018 1106 1312 1169 Rhenanus,
1334 1106 1515 1155 ceteri.
1568 1104 1874 1159 Intermedii
1896 1108 2104 1158 Puteal.
2131 1110 2377 1162 Beroald.
2400 1110 2516 1162 Alc.
2541 1106 2778 1177 αῠυφιεζ

575 1172 963 1233 later-rogaretur
984 1178 1064 1219 est
1086 1171 1336 1219 rationem
1362 1170 1578 1219 reddere
1603 1178 1898 1235 cogeretur,
1919 1179 1978 1222 ut
1999 1187 2118 1223 reus
2138 1174 2308 1237 fieret,
2328 1183 2387 1224 nt
2403 1188 2518 1237 xiv,
2537 1182 2618 1228 46.
2665 1178 2780 1227 Cic.

574 1250 671 1299 pro
694 1237 865 1285 Domo
884 1239 967 1286 29.
1000 1234 1130 1285 Mox
1150 1236 1213 1284 ad
1229 1240 1454 1285 terrorem
1474 1235 1632 1285 etiam
1653 1236 1736 1285 ed.
1759 1251 1841 1301 pr.
1862 1251 1962 1287 non
1983 1237 2062 1287 ia.-
2081 1238 2206 1289 item
2224 1241 2436 1303 postm-
2477 1240 2776 1293 Ernesti.—

1558 1368 1770 1420 NOTAE

569 1480 743 1533 aulica
760 1480 1037 1547 prudentia
1054 1498 1077 1543 ς
1104 1486 1179 1545 et,
1214 1486 1275 1533 nt
1313 1481 1481 1547 inquit
1498 1481 1628 1533 Tac.

568 1558 711 1609 Hist.
728 1572 767 1607 1.
782 1562 867 1608 72.
888 1558 905 1586 ‘
922 1554 1125 1621 Effugia
1149 1556 1199 1606 in
1223 1556 1483 1618 futui-nnn
1508 1554 1631 1623 q'uia

569 1632 821 1697 pessimus
842 1634 1077 1697 quisque,
1092 1630 1379 1683 diffidentia
1404 1648 1630 1697 praesen-

567 1710 699 1759 tium
742 1710 1080 1759 mutationem
1119 1722 1333 1773 pavens,
1381 1708 1628 1759 adversus

570 1784 835 1849 publicum
891 1786 1065 1835 odium
1108 1786 1367 1849 privatam
1408 1786 1628 1848 gratiam

566 1867 850 1923 praeparat,
860 1860 995 1909 unde
1008 1860 1149 1910 nulla
1163 1860 1471 1909 innocentiae
1484 1874 1628 1925 cura,

566 1934 659 1983 sed
686 1934 825 1983 vices
844 1934 1200 1998 impunitatis!
1562 1950 1565 1955 ·

633 2018 660 2052 Β
696 2010 778 2065 Ire
798 2012 1085 2073 Pallantem,
1114 2014 1171 2061 nt
1206 2010 1432 2073 dumet]
1482 2011 1630 2061 Scili-

568 2091 675 2149 cet,
696 2086 1087 2149 rempublicam,
1110 2102 1260 2152 quam
1282 2088 1335 2135 in
1356 2101 1509 2137 manu
1536 2088 1628 2137 ha-

567 2163 744 2227 bebat,
766 2170 821 2211 et
842 2163 895 2211 in
918 2169 1198 2226 potestate.
1265 2164 1419 2217 Quod
1441 2164 1511 2215 sit
1538 2180 1628 2215 au-

566 2246 675 2289 tem
696 2254 913 2287 acumen
934 2239 1149 2291 istorum
1168 2239 1463 2301 verborum,
1476 2241 1628 2290 multi

566 2314 831 2369 dubitant.
916 2316 989 2365 Et
1040 2314 1277 2365 existimo
1338 2318 1626 2378 respexisse

554 2391 827 2440 Neronem
848 2390 913 2440 ad
936 2390 1205 2441 formulam
1226 2390 1439 2451 <jurandi
1461 2390 1626 2441 bonam

562 2467 765 2530 copiam,
788 2468 852 2516 de
884 2482 987 2531 qua
1008 2467 1196 2517 Cicero
1216 2467 1267 2516 in
1289 2465 1624 2517 familiaribus

564 2543 797 2607 epistolis
814 2543 877 2593 ad
896 2542 1130 2593 Paetum:
1156 2548 1170 2571 ‘
1188 2544 1265 2592 Tu
1288 2548 1461 2593 autem
1486 2543 1622 2607 quod

564 2612 689 2669 milii
711 2621 895 2671 bonam
918 2620 1121 2683 copiam
1147 2621 1339 2684 ejus-es,
1359 2620 1486 2670 nihil
1510 2618 1622 2671 est!

562 2696 767 2747 'Vocant
783 2697 1157 2760 jurisconsulti,
1178 2699 1337 2747 cedere
1358 2696 1504 2748 bonis.

628 2771 805 2821 Pallas
843 2786 971 2836 ergo
1006 2771 1186 2821 exibat
1216 2773 1509 2836 ejuratorus
1542 2772 1621 2821 bo·

562 2863 673 2901 mm
705 2848 905 2911 copiam,
934 2854 988 2896 et
1018 2845 1279 2910 ingentem
1314 2861 1622 2911 prosequen-

564 2924 694 2973 tium
758 2922 1159 2983 multitudinem,
1219 2922 1622 2987 immensamque

560 3000 925 3049 auctoritatem
964 2999 1113 3050 malae
1146 2996 1393 3057 fortunas,
1416 2998 1622 3048 invidis·

560 3088 659 3139 que
683 3080 740 3123 et
770 3073 1051 3135 malevolis,
1072 3073 1218 3137 qnasi
1247 3073 1433 3137 iniquis
1454 3074 1622 3126 credi-

562 3148 781 3213 toribus,
804 3150 1095 3203 relicturus.
1127 3148 1367 3201 Aurelius.
1417 3150 1620 3200 Bonam

558 3231 784 3277 mentem
808 3226 991 3290 ejurat.

630 3301 697 3350 Ut
740 3300 973 3363 ejuraret]
1038 3302 1377 3367 Magistratus
1427 3304 1618 3359 honore

560 3378 829 3443 exeuntes,
839 3379 1089 3443 jurabant
1112 3393 1208 3442 pro
1232 3394 1375 3431 more
1398 3382 1617 3444 solenni,

556 3448 780 3505 se‘nihil
822 3455 990 3519 egisse
1026 3456 1079 3511 in
1122 3456 1443 3521 magistratu,
1478 3458 1614 3523 quod

558 3531 881 3595 Reipublicae
906 3533 1251 3597 perniciosum
1270 3542 1427 3585 esset.

623 3608 797 3659 Pallas
818 3610 1089 3672 pepigerat
1104 3618 1227 3661 ante
1246 3612 1399 3661 ritum
1423 3626 1481 3661 se
1502 3610 1616 3663 fote

554 3681 885 3753 ἆνυρτεύθυνον,
920 3691 978 3734 ut
1013 3684 1218 3735 facilius
1250 3688 1614 3753 tutiusqueju·

554 3767 718 3824 taret,
750 3775 901 3824 quam
942 3776 1119 3811 omnes
1158 3762 1245 3811 alii
1283 3764 1613 3827 magistratus

554 3836 733 3901 populi
766 3837 913 3887 Rom.
956 3851 1165 3887 securus
1204 3840 1426 3888 omnium
1470 3844 1610 3887 aoto-

555 3926 667 3962 rum
702 3912 756 3960 in
789 3910 1038 3975 futurum,
1061 3920 1119 3963 et
1153 3915 1308 3964 etiam
1331 3914 1608 3971 scelerum3

552 3996 615 4040 ut
648 3990 805 4054 'qnasi
861 3990 1101 4054 princeps
1124 3996 1348 4053 ἐμπ-οι,
1384 4000 1610 4051 paresque

552 4080 658 4190 εἴ
700 4066 958 4129 Republica
988 4076 1043 4116 et
1084 4066 1379 4129 principatu
1406 4062 1612 4113 rationes

644 4147 761 4191 eret.

620 4214 794 4269 Quare
818 4217 975 4269 talem
990 4216 1300 4269 dictatorem
1320 4215 1395 4268 sic
1417 4214 1612 4268 abeun-

1709 1487 1816 1530 tem
1839 1481 2162 1544 magistratu,
2187 1486 2243 1531 et
2264 1482 2512 1546 stipatum
2535 1497 2600 1533 ea
2617 1482 2774 1538 turba

1707 1558 2160 1610 anteambulonum
2201 1564 2294 1607 aut
2334 1560 2782 1623 prosequentium,

1709 1632 1785 1683 sic
1827 1632 2116 1695 ejus-antem
2157 1631 2316 1683 facile
2345 1639 2401 1682 et
2431 1632 2544 1683 fere
2577 1632 2774 1684 domini

1710 1723 1802 1758 sen
1847 1710 2067 1759 cesaris
2105 1709 2172 1758 ad
2211 1708 2396 1773 instar,
2432 1722 2539 1759 non
2577 1708 2772 1760 insulsa

1709 1783 1893 1837 irridet
1913 1786 2073 1835 Nero.

1780 1860 1848 1909 Ut
1869 1860 2096 1923 effervet]
2131 1860 2286 1913 Quod
2315 1860 2526 1925 proprie
2551 1860 2772 1911 dictato·

1708 1935 1777 1983 ris
1797 1932 1918 1997 fuit,
1945 1936 2032 1999 qui
2064 1950 2312 1991 summam
2339 1942 2652 1999 potestatem
2679 1936 2770 1985 lsa-

1708 2008 1840 2072 buit,
1869 2023 1967 2058 nec
2009 2023 2180 2057 rerum
2219 2016 2481 2073 gestarum
2512 2011 2766 2067 rationem

1708 2084 1926 2135 reddere
1973 2084 2270 2147 tenebatur,
2311 2098 2411 2135 nec
2443 2086 2498 2135 in
2536 2086 2770 2149 praeteri-

1707 2167 1818 2211 tum
1854 2159 1984 2210 facti
2014 2160 2167 2215 ullius
2197 2160 2342 2225 argui
2378 2162 2585 2226 potuit;
2619 2160 2767 2228 cujus

1707 2244 1853 2287 certe
1875 2236 2104 2285 rationes
2126 2236 2324 2286 eaedem
2345 2244 2498 2286 erant
2518 2252 2636 2287 cum
2661 2238 2766 2291 Re-

1705 2311 1930 2376 publica,
1949 2326 2063 2376 quat
2093 2319 2280 2362 cuncta
2291 2319 2485 2375 pactus
2504 2320 2622 2365 erat
2643 2314 2767 2373 Pal,

1704 2390 1800 2441 las.
2293 2380 2301 2392 “

1768 2464 1794 2499 ¹¹
1811 2466 2068 2529 Pepigemt
2083 2466 2273 2531 Pallas]
2296 2468 2520 2527 Quidam
2539 2476 2766 2533 sumant,

1703 2543 1855 2608 quasi
1881 2543 1991 2606 jam
2035 2544 2156 2593 olim
2209 2544 2264 2595 id
2311 2546 2594 2610 pepigisset
2641 2560 2761 2601 cum

1705 2619 1920 2669 Claudio
1953 2620 2211 2685 principe,
2231 2635 2263 2670 a
2285 2636 2385 2687 qno
2417 2636 2556 2673 cura».
2590 2634 2759 2689 rernm

1703 2693 1976 2758 impositus
2017 2702 2150 2746 erat.
2217 2694 2326 2747 Alii
2361 2698 2505 2761 quasi
2538 2696 2763 2761 pepigis-

1702 2778 1786 2819 set
1822 2786 1938 2819 cum
1981 2771 2091 2835 ipso
2135 2772 2364 2835 Nerone,
2402 2787 2465 2823 eo
2507 2780 2762 2838 tempore,

1702 2858 1868 2911 eoque
1890 2846 1998 2909 die,
2017 2862 2120 2911 quo
2139 2846 2202 2896 ab
2225 2848 2316 2898 illo
2341 2849 2496 2899 rebus
2521 2848 2756 2899 demotus

1701 2928 1756 2971 et
1796 2922 2101 2973 deturbatus
2138 2930 2235 2975 est.
2301 2924 2384 2975 Ita
2419 2932 2478 2974 ut
2511 2931 2634 2975 tunc
2668 2938 2757 2973 ve.

1699 2996 1794 3046 luti
1817 2997 2150 3061 dictaturam,
2177 3006 2270 3048 aut
2301 3013 2545 3054 summam
2585 3012 2758 3055 rerum

1700 3087 1788 3123 seu
1809 3074 2160 3138 principatum
2181 3078 2408 3139 ejuraret
2433 3076 2623 3125 Pallas.

1764 3148 1901 3198 Nam
1925 3149 2165 3213 princeps
2189 3157 2280 3200 aut
2311 3150 2538 3201 dictator
2559 3151 2754 3201 nnllam

1697 3225 1946 3275 rationem
1965 3226 2138 3276 reddit
2155 3240 2324 3277 rerum
2343 3242 2442 3276 ase
2463 3232 2722 3292 gestarum
2739 3242 2754 3277 ε

1695 3302 1858 3352 habet
1892 3302 2100 3353 easdem
2137 3294 2358 3354 rationes
2390 3318 2506 3353 cum
2545 3300 2754 3367 Repnb.

1697 3378 1918 3429 Sumunt
1939 3386 2135 3442 alitem,
2166 3381 2312 3444 quasi
2349 3386 2486 3429 esset
2517 3392 2618 3426 una
2637 3379 2756 3431 hoee

1696 3455 1962 3519 praecipua
2006 3454 2236 3505 conditio
2277 3452 2526 3518 ejurandi,
2555 3458 2612 3505 et
2649 3466 2756 3517 qua

1697 3529 1902 3580 sublata
1953 3544 2246 3594 supremum
2315 3526 2592 3577 dominium
2647 3542 2754 3579 non

1695 3606 2004 3669 ejurat-isset
2047 3604 2238 3653 Pallas.
2319 3603 2478 3652 Certe
2523 3604 2753 3655 conditio

1693 3681 1806 3729 haec
1825 3680 2122 3742 impetrata,
2157 3678 2269 3729 sine
2291 3692 2392 3743 qua
2415 3684 2585 3729 tamen
2607 3680 2756 3730 nihil·

1693 3754 1886 3803 ominus
1908 3754 2181 3818 ejurasset.

1753 3830 1855 3879 Sed
1891 3828 2029 3879 forte
2065 3828 2269 3881 facilius
2309 3830 2363 3881 id
2403 3832 2588 3884 initum
2627 3848 2752 3897 pac·

1691 3914 1800 3955 tum
1832 3904 1968 3957 foret
2005 3922 2122 3958 cum
2159 3908 2396 3971 Claudio,
2435 3924 2586 3975 quam
2631 3924 2750 3961 cnm

1691 3982 1922 4044 Nerone,
1943 3984 2093 4048 cujus
2125 3986 2368 4047 ingenium
2395 4001 2486 4039 non
2507 3985 2638 4046 infra
2657 4000 2752 4051 ser:-

1687 4072 1768 4108 vos
1787 4057 1908 4108 fuit.
1971 4060 2076 4109 Sed
2099 4074 2199 4109 non
2224 4052 2496 4113 admodum
2522 4060 2699 4111 refert.

1753 4134 1895 4187 Puto
1918 4143 2112 4201 tamen,
2133 4138 2300 4201 potius
2320 4151 2438 4187 cnm
2461 4133 2672 4187 Nerone
2693 4134 2746 4187 id

1689 4214 1948 4281 pepigisse
1981 4214 2298 4279 Pallantem,
2333 4218 2388 4263 et
2425 4212 2572 4265 Nero
2607 4210 2746 4263 forte
