<?xml version="1.0" encoding="UTF-8"?>
<!DOCTYPE html PUBLIC "-//W3C//DTD XHTML 1.0 Transitional//EN"
    "http://www.w3.org/TR/xhtml1/DTD/xhtml1-transitional.dtd">
<html xmlns="http://www.w3.org/1999/xhtml" xml:lang="en" lang="en">
 <head>
  <title>
</title>
<meta http-equiv="Content-Type" content="text/html;charset=utf-8" />
  <meta name='ocr-system' content='tesseract 3.04.00' />
  <meta name='ocr-capabilities' content='ocr_page ocr_carea ocr_par ocr_line ocrx_word'/>
</head>
<body>
  <div class='ocr_page' id='page_1' title='image "./operaomnia05tacigoog/operaomnia05tacigoog_0256.png"; bbox 0 0 3200 4934; ppageno 0'>
   <div class='ocr_carea' id='block_1_1' title="bbox 547 380 722 447">
    <p class='ocr_par' dir='ltr' id='par_1_1' title="bbox 547 380 722 447">
     <span class='ocr_line' id='line_1_1' title="bbox 547 380 722 447; baseline -0.017 0"><span class='ocrx_word' id='word_1_1' title='bbox 547 380 722 447; x_wconf 79' lang='lat'>1318</span> 
     </span>
    </p>
   </div>
   <div class='ocr_carea' id='block_1_2' title="bbox 1275 376 2052 441">
    <p class='ocr_par' dir='ltr' id='par_1_2' title="bbox 1275 376 2052 441">
     <span class='ocr_line' id='line_1_2' title="bbox 1275 376 2052 441; baseline -0.006 0"><span class='ocrx_word' id='word_1_2' title='bbox 1275 394 1341 441; x_wconf 90' lang='lat' dir='ltr'><strong>c.</strong></span> <span class='ocrx_word' id='word_1_3' title='bbox 1371 376 1749 440; x_wconf 61' lang='lat' dir='ltr'><strong>&#39;consumi</strong></span> <span class='ocrx_word' id='word_1_4' title='bbox 1798 382 2052 437; x_wconf 67' lang='lat' dir='ltr'><strong>‘rsctrt</strong></span> 
     </span>
    </p>
   </div>
   <div class='ocr_carea' id='block_1_3' title="bbox 2419 388 2743 455">
    <p class='ocr_par' dir='ltr' id='par_1_3' title="bbox 2419 388 2743 455">
     <span class='ocr_line' id='line_1_3' title="bbox 2419 388 2743 455; baseline -0.003 -14"><span class='ocrx_word' id='word_1_5' title='bbox 2419 390 2514 455; x_wconf 79' lang='grc' dir='ltr'><strong>[Α.</strong></span> <span class='ocrx_word' id='word_1_6' title='bbox 2524 388 2605 441; x_wconf 71' lang='grc' dir='ltr'><strong>«υ.</strong></span> <span class='ocrx_word' id='word_1_7' title='bbox 2621 391 2743 442; x_wconf 73' lang='lat' dir='ltr'><strong>ass.</strong></span> 
     </span>
    </p>
   </div>
   <div class='ocr_carea' id='block_1_4' title="bbox 1537 626 1757 679">
    <p class='ocr_par' dir='ltr' id='par_1_4' title="bbox 1537 626 1757 679">
     <span class='ocr_line' id='line_1_4' title="bbox 1537 626 1757 679; baseline 0 -2"><span class='ocrx_word' id='word_1_8' title='bbox 1537 626 1757 679; x_wconf 71' lang='lat' dir='ltr'>NOTAE</span> 
     </span>
    </p>
   </div>
   <div class='ocr_carea' id='block_1_5' title="bbox 549 758 1628 2869">
    <p class='ocr_par' dir='ltr' id='par_1_5' title="bbox 551 758 1613 1113">
     <span class='ocr_line' id='line_1_5' title="bbox 553 758 1613 822; baseline 0.001 -16"><span class='ocrx_word' id='word_1_9' title='bbox 553 758 915 822; x_wconf 72' lang='lat' dir='ltr'><strong>imaginantur,</strong></span> <span class='ocrx_word' id='word_1_10' title='bbox 973 772 1075 809; x_wconf 86' lang='lat' dir='ltr'><strong>non</strong></span> <span class='ocrx_word' id='word_1_11' title='bbox 1117 772 1244 809; x_wconf 75' lang='lat' dir='ltr'><strong>vero</strong></span> <span class='ocrx_word' id='word_1_12' title='bbox 1303 758 1476 808; x_wconf 86' lang='lat' dir='ltr'><strong>ludum</strong></span> <span class='ocrx_word' id='word_1_13' title='bbox 1522 764 1613 807; x_wconf 88' lang='lat' dir='ltr'><strong>aut</strong></span> 
     </span>
     <span class='ocr_line' id='line_1_6' title="bbox 551 834 1610 897; baseline 0.001 -16"><span class='ocrx_word' id='word_1_14' title='bbox 551 836 924 897; x_wconf 69' lang='lat' dir='ltr'><strong>spectaculum,</strong></span> <span class='ocrx_word' id='word_1_15' title='bbox 945 842 1001 885; x_wconf 89' lang='lat' dir='ltr'><strong>et</strong></span> <span class='ocrx_word' id='word_1_16' title='bbox 1023 836 1076 884; x_wconf 86' lang='lat' dir='ltr'><strong>bi</strong></span> <span class='ocrx_word' id='word_1_17' title='bbox 1099 834 1228 885; x_wconf 78' lang='lat' dir='ltr'><strong>saiso</strong></span> <span class='ocrx_word' id='word_1_18' title='bbox 1251 848 1358 884; x_wconf 87' lang='lat' dir='ltr'><strong>rem</strong></span> <span class='ocrx_word' id='word_1_19' title='bbox 1381 835 1532 885; x_wconf 88' lang='lat' dir='ltr'><strong>istam</strong></span> <span class='ocrx_word' id='word_1_20' title='bbox 1557 834 1610 883; x_wconf 87' lang='lat' dir='ltr'><strong>in</strong></span> 
     </span>
     <span class='ocr_line' id='line_1_7' title="bbox 553 912 1612 977; baseline -0.002 -16"><span class='ocrx_word' id='word_1_21' title='bbox 553 914 720 977; x_wconf 86' lang='lat' dir='ltr'><strong>majus</strong></span> <span class='ocrx_word' id='word_1_22' title='bbox 763 922 988 977; x_wconf 87' lang='lat' dir='ltr'><strong>augent:</strong></span> <span class='ocrx_word' id='word_1_23' title='bbox 1038 913 1106 963; x_wconf 89' lang='lat' dir='ltr'><strong>de</strong></span> <span class='ocrx_word' id='word_1_24' title='bbox 1149 920 1357 963; x_wconf 89' lang='lat' dir='ltr'><strong>centum</strong></span> <span class='ocrx_word' id='word_1_25' title='bbox 1397 912 1612 961; x_wconf 82' lang='lat' dir='ltr'><strong>navibus</strong></span> 
     </span>
     <span class='ocr_line' id='line_1_8' title="bbox 553 986 1612 1055; baseline -0.002 -18"><span class='ocrx_word' id='word_1_26' title='bbox 553 989 902 1053; x_wconf 72' lang='lat' dir='ltr'>concedimus,</span> <span class='ocrx_word' id='word_1_27' title='bbox 915 1004 1015 1039; x_wconf 88' lang='lat' dir='ltr'><strong>non</strong></span> <span class='ocrx_word' id='word_1_28' title='bbox 1027 986 1094 1039; x_wconf 90' lang='lat' dir='ltr'><strong>de</strong></span> <span class='ocrx_word' id='word_1_29' title='bbox 1105 990 1385 1055; x_wconf 83' lang='lat' dir='ltr'><strong>quinquagi</strong></span> <span class='ocrx_word' id='word_1_30' title='bbox 1391 995 1498 1052; x_wconf 81' lang='lat' dir='ltr'><strong>uta,</strong></span> <span class='ocrx_word' id='word_1_31' title='bbox 1511 1002 1612 1036; x_wconf 87' lang='lat' dir='ltr'><strong>non</strong></span> 
     </span>
     <span class='ocr_line' id='line_1_9' title="bbox 555 1063 1191 1113; baseline -0.002 0"><span class='ocrx_word' id='word_1_32' title='bbox 555 1063 620 1113; x_wconf 85' lang='lat' dir='ltr'><strong>de</strong></span> <span class='ocrx_word' id='word_1_33' title='bbox 647 1071 854 1113; x_wconf 87' lang='lat' dir='ltr'><strong>centum</strong></span> <span class='ocrx_word' id='word_1_34' title='bbox 879 1064 1191 1113; x_wconf 76' lang='lat' dir='ltr'><strong>triremibus.</strong></span> 
     </span>
    </p>

    <p class='ocr_par' dir='ltr' id='par_1_6' title="bbox 549 1137 1618 1730">
     <span class='ocr_line' id='line_1_10' title="bbox 621 1137 1614 1204; baseline -0.002 -15"><span class='ocrx_word' id='word_1_35' title='bbox 621 1140 692 1189; x_wconf 86' lang='lat' dir='ltr'><strong>Et</strong></span> <span class='ocrx_word' id='word_1_36' title='bbox 713 1140 848 1203; x_wconf 87' lang='lat' dir='ltr'><strong>quod</strong></span> <span class='ocrx_word' id='word_1_37' title='bbox 865 1146 1070 1203; x_wconf 87' lang='lat' dir='ltr'><strong>spectat</strong></span> <span class='ocrx_word' id='word_1_38' title='bbox 1090 1139 1156 1188; x_wconf 89' lang='lat' dir='ltr'><strong>ad</strong></span> <span class='ocrx_word' id='word_1_39' title='bbox 1175 1153 1281 1201; x_wconf 89' lang='lat' dir='ltr'><strong>eos,</strong></span> <span class='ocrx_word' id='word_1_40' title='bbox 1295 1138 1382 1204; x_wconf 85' lang='lat' dir='ltr'><strong>qui</strong></span> <span class='ocrx_word' id='word_1_41' title='bbox 1401 1137 1614 1187; x_wconf 88' lang='lat' dir='ltr'><strong>restrin-</strong></span> 
     </span>
     <span class='ocr_line' id='line_1_11' title="bbox 557 1212 1617 1277; baseline 0.001 -16"><span class='ocrx_word' id='word_1_42' title='bbox 557 1220 686 1275; x_wconf 85' lang='lat' dir='ltr'><strong>gunt</strong></span> <span class='ocrx_word' id='word_1_43' title='bbox 709 1220 930 1263; x_wconf 85' lang='lat' dir='ltr'><strong>mentem</strong></span> <span class='ocrx_word' id='word_1_44' title='bbox 949 1214 1134 1263; x_wconf 86' lang='lat' dir='ltr'><strong>Dionis</strong></span> <span class='ocrx_word' id='word_1_45' title='bbox 1153 1213 1218 1263; x_wconf 86' lang='lat' dir='ltr'><strong>ad</strong></span> <span class='ocrx_word' id='word_1_46' title='bbox 1241 1212 1617 1277; x_wconf 83' lang='lat' dir='ltr'><strong>qninquaginta</strong></span> 
     </span>
     <span class='ocr_line' id='line_1_12' title="bbox 555 1286 1613 1352; baseline 0.004 -17"><span class='ocrx_word' id='word_1_47' title='bbox 555 1301 714 1337; x_wconf 80' lang='lat' dir='ltr'><strong>naves</strong></span> <span class='ocrx_word' id='word_1_48' title='bbox 735 1288 788 1337; x_wconf 89' lang='lat' dir='ltr'><strong>in</strong></span> <span class='ocrx_word' id='word_1_49' title='bbox 811 1296 1029 1352; x_wconf 78' lang='lat' dir='ltr'><strong>utraque</strong></span> <span class='ocrx_word' id='word_1_50' title='bbox 1067 1286 1293 1338; x_wconf 79' lang='lat' dir='ltr'><strong>factione</strong></span> <span class='ocrx_word' id='word_1_51' title='bbox 1315 1296 1613 1350; x_wconf 86' lang='lat' dir='ltr'><strong>certantes;</strong></span> 
     </span>
     <span class='ocr_line' id='line_1_13' title="bbox 559 1363 1617 1427; baseline 0 -16"><span class='ocrx_word' id='word_1_52' title='bbox 559 1364 610 1411; x_wconf 89' lang='lat' dir='ltr'><strong>id</strong></span> <span class='ocrx_word' id='word_1_53' title='bbox 631 1365 795 1413; x_wconf 87' lang='lat' dir='ltr'><strong>minus</strong></span> <span class='ocrx_word' id='word_1_54' title='bbox 821 1364 1093 1415; x_wconf 84' lang='lat' dir='ltr'><strong>verisimile</strong></span> <span class='ocrx_word' id='word_1_55' title='bbox 1117 1363 1340 1424; x_wconf 83' lang='lat' dir='ltr'><strong>videtur,</strong></span> <span class='ocrx_word' id='word_1_56' title='bbox 1375 1364 1420 1411; x_wconf 88' lang='lat' dir='ltr'><strong>si</strong></span> <span class='ocrx_word' id='word_1_57' title='bbox 1458 1364 1617 1427; x_wconf 82' lang='lat' dir='ltr'><strong>respi-</strong></span> 
     </span>
     <span class='ocr_line' id='line_1_14' title="bbox 557 1439 1618 1503; baseline -0.002 -15"><span class='ocrx_word' id='word_1_58' title='bbox 557 1439 632 1488; x_wconf 92' lang='lat' dir='ltr'><strong>cis</strong></span> <span class='ocrx_word' id='word_1_59' title='bbox 653 1448 957 1503; x_wconf 85' lang='lat' dir='ltr'><strong>apparatum</strong></span> <span class='ocrx_word' id='word_1_60' title='bbox 983 1440 1124 1489; x_wconf 87' lang='lat' dir='ltr'><strong>illum</strong></span> <span class='ocrx_word' id='word_1_61' title='bbox 1143 1440 1422 1503; x_wconf 83' lang='lat' dir='ltr'><strong>ingentem,</strong></span> <span class='ocrx_word' id='word_1_62' title='bbox 1439 1446 1494 1487; x_wconf 80' lang='lat' dir='ltr'><strong>et</strong></span> <span class='ocrx_word' id='word_1_63' title='bbox 1515 1454 1618 1487; x_wconf 82' lang='lat' dir='ltr'><strong>ma-</strong></span> 
     </span>
     <span class='ocr_line' id='line_1_15' title="bbox 549 1513 1618 1579; baseline 0 -17"><span class='ocrx_word' id='word_1_64' title='bbox 549 1513 722 1577; x_wconf 83' lang='lat' dir='ltr'><strong>jorum</strong></span> <span class='ocrx_word' id='word_1_65' title='bbox 765 1516 968 1565; x_wconf 78' lang='lat' dir='ltr'><strong>navium</strong></span> <span class='ocrx_word' id='word_1_66' title='bbox 1003 1522 1059 1565; x_wconf 87' lang='lat' dir='ltr'><strong>et</strong></span> <span class='ocrx_word' id='word_1_67' title='bbox 1093 1516 1308 1565; x_wconf 86' lang='lat' dir='ltr'><strong>aliarum</strong></span> <span class='ocrx_word' id='word_1_68' title='bbox 1345 1515 1618 1579; x_wconf 86' lang='lat' dir='ltr'><strong>minorum,</strong></span> 
     </span>
     <span class='ocr_line' id='line_1_16' title="bbox 559 1587 1618 1656; baseline 0.001 -18"><span class='ocrx_word' id='word_1_69' title='bbox 559 1587 774 1655; x_wconf 71' lang='lat' dir='ltr'><strong>&#39;quarum</strong></span> <span class='ocrx_word' id='word_1_70' title='bbox 791 1592 940 1653; x_wconf 88' lang='lat' dir='ltr'><strong>mole,</strong></span> <span class='ocrx_word' id='word_1_71' title='bbox 952 1604 1178 1656; x_wconf 87' lang='lat' dir='ltr'><strong>numero,</strong></span> <span class='ocrx_word' id='word_1_72' title='bbox 1195 1597 1252 1641; x_wconf 92' lang='lat' dir='ltr'><strong>et</strong></span> <span class='ocrx_word' id='word_1_73' title='bbox 1269 1591 1453 1643; x_wconf 82' lang='lat' dir='ltr'><strong>robore</strong></span> <span class='ocrx_word' id='word_1_74' title='bbox 1469 1592 1618 1642; x_wconf 86' lang='lat' dir='ltr'><strong>Clau·</strong></span> 
     </span>
     <span class='ocr_line' id='line_1_17' title="bbox 557 1665 1463 1730; baseline 0.002 -17"><span class='ocrx_word' id='word_1_75' title='bbox 557 1665 674 1714; x_wconf 79' lang='lat' dir='ltr'><strong>‘dius</strong></span> <span class='ocrx_word' id='word_1_76' title='bbox 697 1666 847 1729; x_wconf 84' lang='lat' dir='ltr'><strong>longe</strong></span> <span class='ocrx_word' id='word_1_77' title='bbox 867 1668 1134 1730; x_wconf 74' lang='lat' dir='ltr'><strong>superavit</strong></span> <span class='ocrx_word' id='word_1_78' title='bbox 1157 1666 1463 1727; x_wconf 76' lang='lat' dir='ltr'><strong>Augustum.</strong></span> 
     </span>
    </p>

    <p class='ocr_par' dir='ltr' id='par_1_7' title="bbox 557 1742 1623 2412">
     <span class='ocr_line' id='line_1_18' title="bbox 629 1742 1619 1806; baseline 0 -15"><span class='ocrx_word' id='word_1_79' title='bbox 629 1742 764 1791; x_wconf 85' lang='lat' dir='ltr'><strong>Nam</strong></span> <span class='ocrx_word' id='word_1_80' title='bbox 786 1749 919 1791; x_wconf 87' lang='lat' dir='ltr'><strong>teste</strong></span> <span class='ocrx_word' id='word_1_81' title='bbox 940 1742 1054 1806; x_wconf 84' lang='lat' dir='ltr'><strong>ipso</strong></span> <span class='ocrx_word' id='word_1_82' title='bbox 1065 1744 1184 1792; x_wconf 81' lang='lat' dir='ltr'><strong>Tac.</strong></span> <span class='ocrx_word' id='word_1_83' title='bbox 1203 1743 1354 1805; x_wconf 83' lang='lat' dir='ltr'><strong>longe</strong></span> <span class='ocrx_word' id='word_1_84' title='bbox 1375 1742 1619 1806; x_wconf 82' lang='lat' dir='ltr'><strong>majorem</strong></span> 
     </span>
     <span class='ocr_line' id='line_1_19' title="bbox 559 1815 1618 1880; baseline 0.001 -15"><span class='ocrx_word' id='word_1_85' title='bbox 559 1815 864 1880; x_wconf 75' lang='lat' dir='ltr'><strong>‘apparatum</strong></span> <span class='ocrx_word' id='word_1_86' title='bbox 911 1823 966 1865; x_wconf 90' lang='lat' dir='ltr'><strong>et</strong></span> <span class='ocrx_word' id='word_1_87' title='bbox 1009 1817 1218 1865; x_wconf 82' lang='lat' dir='ltr'><strong>navium</strong></span> <span class='ocrx_word' id='word_1_88' title='bbox 1263 1823 1319 1866; x_wconf 90' lang='lat' dir='ltr'><strong>et</strong></span> <span class='ocrx_word' id='word_1_89' title='bbox 1359 1818 1618 1866; x_wconf 76' lang='lat' dir='ltr'><strong>hominnm</strong></span> 
     </span>
     <span class='ocr_line' id='line_1_20' title="bbox 557 1890 1620 1955; baseline 0.003 -16"><span class='ocrx_word' id='word_1_90' title='bbox 557 1891 806 1940; x_wconf 83' lang='lat' dir='ltr'><strong>instruxit</strong></span> <span class='ocrx_word' id='word_1_91' title='bbox 845 1890 1108 1953; x_wconf 87' lang='lat' dir='ltr'><strong>Claudius,</strong></span> <span class='ocrx_word' id='word_1_92' title='bbox 1149 1906 1300 1955; x_wconf 84' lang='lat' dir='ltr'><strong>quam</strong></span> <span class='ocrx_word' id='word_1_93' title='bbox 1341 1891 1620 1955; x_wconf 77' lang='lat' dir='ltr'><strong>Augustus.</strong></span> 
     </span>
     <span class='ocr_line' id='line_1_21' title="bbox 561 1964 1620 2032; baseline 0.004 -19"><span class='ocrx_word' id='word_1_94' title='bbox 561 1964 626 2013; x_wconf 84' lang='lat' dir='ltr'><strong>In</strong></span> <span class='ocrx_word' id='word_1_95' title='bbox 666 1965 970 2028; x_wconf 84' lang='lat' dir='ltr'><strong>spectaculo</strong></span> <span class='ocrx_word' id='word_1_96' title='bbox 1005 1966 1210 2015; x_wconf 86' lang='lat' dir='ltr'><strong>Claudii</strong></span> <span class='ocrx_word' id='word_1_97' title='bbox 1255 1967 1424 2030; x_wconf 88' lang='lat' dir='ltr'><strong>plures</strong></span> <span class='ocrx_word' id='word_1_98' title='bbox 1463 1969 1620 2032; x_wconf 86' lang='lat' dir='ltr'><strong>majo·</strong></span> 
     </span>
     <span class='ocr_line' id='line_1_22' title="bbox 561 2041 1621 2107; baseline 0.007 -20"><span class='ocrx_word' id='word_1_99' title='bbox 561 2041 748 2105; x_wconf 76' lang='lat' dir='ltr'><strong>‘resque</strong></span> <span class='ocrx_word' id='word_1_100' title='bbox 773 2055 927 2090; x_wconf 82' lang='lat' dir='ltr'><strong>naves</strong></span> <span class='ocrx_word' id='word_1_101' title='bbox 967 2049 1260 2091; x_wconf 75' lang='lat' dir='ltr'><strong>certarunt:</strong></span> <span class='ocrx_word' id='word_1_102' title='bbox 1295 2050 1352 2092; x_wconf 86' lang='lat' dir='ltr'><strong>at</strong></span> <span class='ocrx_word' id='word_1_103' title='bbox 1383 2044 1492 2107; x_wconf 82' lang='lat' dir='ltr'><strong>ipse</strong></span> <span class='ocrx_word' id='word_1_104' title='bbox 1517 2044 1621 2094; x_wconf 83' lang='lat' dir='ltr'><strong>Au·</strong></span> 
     </span>
     <span class='ocr_line' id='line_1_23' title="bbox 561 2108 1621 2181; baseline 0.007 -18"><span class='ocrx_word' id='word_1_105' title='bbox 561 2108 743 2177; x_wconf 74' lang='lat' dir='ltr'><strong>‘gustus</strong></span> <span class='ocrx_word' id='word_1_106' title='bbox 760 2114 810 2164; x_wconf 90' lang='lat' dir='ltr'><strong>in</strong></span> <span class='ocrx_word' id='word_1_107' title='bbox 831 2115 1006 2180; x_wconf 87' lang='lat' dir='ltr'><strong>lapide</strong></span> <span class='ocrx_word' id='word_1_108' title='bbox 1025 2115 1299 2181; x_wconf 80' lang='lat' dir='ltr'><strong>Ancyrano</strong></span> <span class='ocrx_word' id='word_1_109' title='bbox 1315 2117 1390 2168; x_wconf 85' lang='lat' dir='ltr'><strong>sic</strong></span> <span class='ocrx_word' id='word_1_110' title='bbox 1407 2120 1621 2170; x_wconf 81' lang='lat' dir='ltr'><strong>scribit:</strong></span> 
     </span>
     <span class='ocr_line' id='line_1_24' title="bbox 559 2190 1623 2259; baseline 0.005 -19"><span class='ocrx_word' id='word_1_111' title='bbox 559 2190 574 2216; x_wconf 87' lang='lat'>‘</span> <span class='ocrx_word' id='word_1_112' title='bbox 603 2191 815 2241; x_wconf 82' lang='lat' dir='ltr'><strong>Navalis</strong></span> <span class='ocrx_word' id='word_1_113' title='bbox 837 2192 1000 2255; x_wconf 60' lang='lat' dir='ltr'><strong>praelii</strong></span> <span class='ocrx_word' id='word_1_114' title='bbox 1023 2195 1373 2257; x_wconf 75' lang='lat' dir='ltr'>spectaculum</span> <span class='ocrx_word' id='word_1_115' title='bbox 1407 2197 1623 2259; x_wconf 78' lang='lat' dir='ltr'><strong>populo,</strong></span> 
     </span>
     <span class='ocr_line' id='line_1_25' title="bbox 561 2266 1621 2333; baseline 0.007 -19"><span class='ocrx_word' id='word_1_116' title='bbox 561 2268 660 2316; x_wconf 66' lang='grc' dir='ltr'><strong>ἀπο.</strong></span> <span class='ocrx_word' id='word_1_117' title='bbox 685 2266 911 2329; x_wconf 80' lang='lat' dir='ltr'>exhibui,</span> <span class='ocrx_word' id='word_1_118' title='bbox 944 2269 996 2317; x_wconf 92' lang='lat' dir='ltr'><strong>in</strong></span> <span class='ocrx_word' id='word_1_119' title='bbox 1019 2283 1122 2333; x_wconf 85' lang='lat' dir='ltr'><strong>quo</strong></span> <span class='ocrx_word' id='word_1_120' title='bbox 1145 2270 1361 2333; x_wconf 84' lang='lat' dir='ltr'><strong>triginta</strong></span> <span class='ocrx_word' id='word_1_121' title='bbox 1385 2278 1621 2321; x_wconf 74' lang='lat' dir='ltr'><strong>rostratoe</strong></span> 
     </span>
     <span class='ocr_line' id='line_1_26' title="bbox 563 2344 1378 2412; baseline 0.005 -19"><span class='ocrx_word' id='word_1_122' title='bbox 563 2358 724 2394; x_wconf 81' lang='lat' dir='ltr'><strong>naves</strong></span> <span class='ocrx_word' id='word_1_123' title='bbox 748 2344 1082 2411; x_wconf 81' lang='lat' dir='ltr'><strong>triremesque</strong></span> <span class='ocrx_word' id='word_1_124' title='bbox 1109 2346 1378 2412; x_wconf 60' lang='lat' dir='ltr'><strong>plut-imai!</strong></span> 
     </span>
    </p>

    <p class='ocr_par' dir='ltr' id='par_1_8' title="bbox 559 2420 1628 2869">
     <span class='ocr_line' id='line_1_27' title="bbox 629 2420 1622 2485; baseline 0.002 -16"><span class='ocrx_word' id='word_1_125' title='bbox 629 2420 818 2485; x_wconf 83' lang='lat' dir='ltr'><strong>Itaque</strong></span> <span class='ocrx_word' id='word_1_126' title='bbox 862 2421 1177 2472; x_wconf 71' lang='lat' dir='ltr'><strong>instruxerat</strong></span> <span class='ocrx_word' id='word_1_127' title='bbox 1223 2422 1486 2485; x_wconf 81' lang='lat' dir='ltr'><strong>Augustus</strong></span> <span class='ocrx_word' id='word_1_128' title='bbox 1531 2423 1622 2473; x_wconf 89' lang='lat' dir='ltr'><strong>tri-</strong></span> 
     </span>
     <span class='ocr_line' id='line_1_28' title="bbox 559 2496 1627 2564; baseline 0.004 -19"><span class='ocrx_word' id='word_1_129' title='bbox 559 2496 710 2561; x_wconf 77' lang='lat' dir='ltr'><strong>ginta</strong></span> <span class='ocrx_word' id='word_1_130' title='bbox 755 2504 1001 2548; x_wconf 87' lang='lat' dir='ltr'><strong>rostratas</strong></span> <span class='ocrx_word' id='word_1_131' title='bbox 1049 2514 1224 2563; x_wconf 81' lang='lat' dir='ltr'><strong>naves,</strong></span> <span class='ocrx_word' id='word_1_132' title='bbox 1275 2506 1330 2549; x_wconf 89' lang='lat' dir='ltr'><strong>et</strong></span> <span class='ocrx_word' id='word_1_133' title='bbox 1371 2509 1627 2564; x_wconf 69' lang='lat' dir='ltr'><strong>praeterea</strong></span> 
     </span>
     <span class='ocr_line' id='line_1_29' title="bbox 563 2573 1626 2637; baseline 0.004 -16"><span class='ocrx_word' id='word_1_134' title='bbox 563 2573 809 2636; x_wconf 84' lang='lat' dir='ltr'><strong>plurimas</strong></span> <span class='ocrx_word' id='word_1_135' title='bbox 861 2576 1123 2625; x_wconf 82' lang='lat' dir='ltr'><strong>triremes:</strong></span> <span class='ocrx_word' id='word_1_136' title='bbox 1171 2574 1328 2637; x_wconf 79' lang='lat' dir='ltr'><strong>forte,</strong></span> <span class='ocrx_word' id='word_1_137' title='bbox 1371 2584 1428 2626; x_wconf 86' lang='lat' dir='ltr'><strong>et</strong></span> <span class='ocrx_word' id='word_1_138' title='bbox 1471 2592 1626 2625; x_wconf 84' lang='lat' dir='ltr'><strong>naves</strong></span> 
     </span>
     <span class='ocr_line' id='line_1_30' title="bbox 567 2650 1628 2716; baseline 0.004 -19"><span class='ocrx_word' id='word_1_139' title='bbox 567 2650 785 2699; x_wconf 87' lang='lat' dir='ltr'><strong>minores</strong></span> <span class='ocrx_word' id='word_1_140' title='bbox 805 2650 964 2701; x_wconf 88' lang='lat' dir='ltr'><strong>siluit.</strong></span> <span class='ocrx_word' id='word_1_141' title='bbox 1031 2652 1215 2716; x_wconf 81' lang='lat' dir='ltr'><strong>Itaque</strong></span> <span class='ocrx_word' id='word_1_142' title='bbox 1241 2652 1520 2701; x_wconf 80' lang='lat' dir='ltr'><strong>accesserit</strong></span> <span class='ocrx_word' id='word_1_143' title='bbox 1539 2653 1628 2701; x_wconf 87' lang='lat' dir='ltr'><strong>ille</strong></span> 
     </span>
     <span class='ocr_line' id='line_1_31' title="bbox 565 2726 1628 2794; baseline 0.004 -20"><span class='ocrx_word' id='word_1_144' title='bbox 565 2738 806 2776; x_wconf 86' lang='lat' dir='ltr'><strong>numerus</strong></span> <span class='ocrx_word' id='word_1_145' title='bbox 832 2726 1048 2791; x_wconf 81' lang='lat' dir='ltr'><strong>Augusti</strong></span> <span class='ocrx_word' id='word_1_146' title='bbox 1072 2732 1135 2777; x_wconf 89' lang='lat' dir='ltr'><strong>ad</strong></span> <span class='ocrx_word' id='word_1_147' title='bbox 1160 2729 1500 2794; x_wconf 81' lang='lat' dir='ltr'><strong>quadraginta</strong></span> <span class='ocrx_word' id='word_1_148' title='bbox 1537 2738 1628 2779; x_wconf 90' lang='lat' dir='ltr'><strong>aut</strong></span> 
     </span>
     <span class='ocr_line' id='line_1_32' title="bbox 567 2802 1627 2869; baseline 0.003 -19"><span class='ocrx_word' id='word_1_149' title='bbox 567 2802 944 2867; x_wconf 82' lang='lat' dir='ltr'><strong>quinquaginta</strong></span> <span class='ocrx_word' id='word_1_150' title='bbox 953 2818 1108 2852; x_wconf 85' lang='lat' dir='ltr'><strong>naves</strong></span> <span class='ocrx_word' id='word_1_151' title='bbox 1127 2805 1376 2867; x_wconf 86' lang='lat' dir='ltr'><strong>cujusque</strong></span> <span class='ocrx_word' id='word_1_152' title='bbox 1394 2805 1627 2869; x_wconf 83' lang='lat' dir='ltr'><strong>generis;</strong></span> 
     </span>
    </p>
   </div>
   <div class='ocr_carea' id='block_1_6' title="bbox 567 2876 1633 2941">
    <p class='ocr_par' dir='ltr' id='par_1_9' title="bbox 567 2876 1633 2941">
     <span class='ocr_line' id='line_1_33' title="bbox 567 2876 1633 2941; baseline 0.003 -15"><span class='ocrx_word' id='word_1_153' title='bbox 567 2886 624 2926; x_wconf 88' lang='lat' dir='ltr'><strong>et</strong></span> <span class='ocrx_word' id='word_1_154' title='bbox 644 2876 1004 2941; x_wconf 79' lang='lat' dir='ltr'><strong>Claudius,qui</strong></span> <span class='ocrx_word' id='word_1_155' title='bbox 1023 2892 1235 2927; x_wconf 88' lang='lat' dir='ltr'><strong>numero</strong></span> <span class='ocrx_word' id='word_1_156' title='bbox 1261 2888 1316 2928; x_wconf 86' lang='lat' dir='ltr'><strong>et</strong></span> <span class='ocrx_word' id='word_1_157' title='bbox 1337 2882 1522 2929; x_wconf 87' lang='lat' dir='ltr'><strong>robore</strong></span> <span class='ocrx_word' id='word_1_158' title='bbox 1545 2894 1633 2929; x_wconf 82' lang='lat' dir='ltr'><strong>na-</strong></span> 
     </span>
    </p>
   </div>
   <div class='ocr_carea' id='block_1_7' title="bbox 563 2950 1637 4303">
    <p class='ocr_par' dir='ltr' id='par_1_10' title="bbox 567 2950 1629 3242">
     <span class='ocr_line' id='line_1_34' title="bbox 569 2950 1629 3019; baseline 0.007 -21"><span class='ocrx_word' id='word_1_159' title='bbox 569 2950 708 2999; x_wconf 81' lang='lat' dir='ltr'><strong>vium</strong></span> <span class='ocrx_word' id='word_1_160' title='bbox 741 2954 962 3002; x_wconf 83' lang='lat' dir='ltr'><strong>excessit</strong></span> <span class='ocrx_word' id='word_1_161' title='bbox 995 2955 1372 3015; x_wconf 74' lang='lat' dir='ltr'><strong>spectaculum,</strong></span> <span class='ocrx_word' id='word_1_162' title='bbox 1408 2953 1629 3019; x_wconf 76' lang='lat' dir='ltr'><strong>Augusti</strong></span> 
     </span>
     <span class='ocr_line' id='line_1_35' title="bbox 568 3026 1629 3091; baseline 0.007 -18"><span class='ocrx_word' id='word_1_163' title='bbox 568 3038 632 3073; x_wconf 87' lang='lat' dir='ltr'><strong>an</strong></span> <span class='ocrx_word' id='word_1_164' title='bbox 677 3026 885 3076; x_wconf 85' lang='lat' dir='ltr'><strong>dubitas</strong></span> <span class='ocrx_word' id='word_1_165' title='bbox 932 3029 1052 3091; x_wconf 86' lang='lat' dir='ltr'><strong>quin</strong></span> <span class='ocrx_word' id='word_1_166' title='bbox 1105 3031 1430 3091; x_wconf 84' lang='lat' dir='ltr'><strong>superaverit</strong></span> <span class='ocrx_word' id='word_1_167' title='bbox 1471 3032 1629 3079; x_wconf 89' lang='lat' dir='ltr'><strong>etiam</strong></span> 
     </span>
     <span class='ocr_line' id='line_1_36' title="bbox 567 3103 1629 3171; baseline 0.008 -23"><span class='ocrx_word' id='word_1_168' title='bbox 567 3114 835 3150; x_wconf 85' lang='lat' dir='ltr'><strong>numerum</strong></span> <span class='ocrx_word' id='word_1_169' title='bbox 877 3103 1016 3163; x_wconf 63' lang='lat' dir='ltr'><strong>illum</strong></span> <span class='ocrx_word' id='word_1_170' title='bbox 1057 3105 1549 3171; x_wconf 80' lang='lat' dir='ltr'><strong>quinquagesimum,</strong></span> <span class='ocrx_word' id='word_1_171' title='bbox 1571 3112 1629 3157; x_wconf 91' lang='lat' dir='ltr'><strong>et</strong></span> 
     </span>
     <span class='ocr_line' id='line_1_37' title="bbox 567 3176 1241 3242; baseline 0.004 -17"><span class='ocrx_word' id='word_1_172' title='bbox 567 3176 718 3241; x_wconf 86' lang='lat' dir='ltr'><strong>longe</strong></span> <span class='ocrx_word' id='word_1_173' title='bbox 739 3179 875 3227; x_wconf 87' lang='lat' dir='ltr'><strong>ultra</strong></span> <span class='ocrx_word' id='word_1_174' title='bbox 897 3180 1241 3242; x_wconf 64' lang='lat' dir='ltr'><strong>proces-ecrit?</strong></span> 
     </span>
    </p>

    <p class='ocr_par' dir='ltr' id='par_1_11' title="bbox 563 3254 1637 4303">
     <span class='ocr_line' id='line_1_38' title="bbox 634 3254 1629 3308; baseline 0.006 -6"><span class='ocrx_word' id='word_1_175' title='bbox 634 3254 705 3302; x_wconf 77' lang='lat' dir='ltr'><strong>Et</strong></span> <span class='ocrx_word' id='word_1_176' title='bbox 725 3262 874 3303; x_wconf 87' lang='lat' dir='ltr'><strong>certe</strong></span> <span class='ocrx_word' id='word_1_177' title='bbox 897 3256 1175 3305; x_wconf 82' lang='lat' dir='ltr'><strong>multitudo</strong></span> <span class='ocrx_word' id='word_1_178' title='bbox 1209 3256 1414 3305; x_wconf 81' lang='lat' dir='ltr'><strong>navium</strong></span> <span class='ocrx_word' id='word_1_179' title='bbox 1447 3257 1629 3308; x_wconf 86' lang='lat' dir='ltr'><strong>debuit</strong></span> 
     </span>
     <span class='ocr_line' id='line_1_39' title="bbox 570 3329 1630 3396; baseline 0.006 -18"><span class='ocrx_word' id='word_1_180' title='bbox 570 3329 846 3393; x_wconf 73' lang='lat' dir='ltr'><strong>aclaequare</strong></span> <span class='ocrx_word' id='word_1_181' title='bbox 877 3330 1256 3381; x_wconf 75' lang='lat' dir='ltr'><strong>multitudinem</strong></span> <span class='ocrx_word' id='word_1_182' title='bbox 1291 3340 1630 3396; x_wconf 73' lang='lat' dir='ltr'><strong>urinatorum3</strong></span> 
     </span>
     <span class='ocr_line' id='line_1_40' title="bbox 563 3404 1631 3469; baseline 0.006 -16"><span class='ocrx_word' id='word_1_183' title='bbox 563 3404 644 3454; x_wconf 84' lang='lat' dir='ltr'><strong>ita</strong></span> <span class='ocrx_word' id='word_1_184' title='bbox 665 3410 724 3454; x_wconf 91' lang='lat' dir='ltr'><strong>ut</strong></span> <span class='ocrx_word' id='word_1_185' title='bbox 747 3404 926 3469; x_wconf 77' lang='lat' dir='ltr'><strong>viginti</strong></span> <span class='ocrx_word' id='word_1_186' title='bbox 953 3405 1060 3455; x_wconf 88' lang='lat' dir='ltr'><strong>fere</strong></span> <span class='ocrx_word' id='word_1_187' title='bbox 1086 3407 1240 3457; x_wconf 81' lang='lat' dir='ltr'><strong>millia</strong></span> <span class='ocrx_word' id='word_1_188' title='bbox 1263 3408 1523 3459; x_wconf 78' lang='lat' dir='ltr'><strong>hominum</strong></span> <span class='ocrx_word' id='word_1_189' title='bbox 1547 3426 1631 3459; x_wconf 85' lang='lat' dir='ltr'><strong>ca·</strong></span> 
     </span>
     <span class='ocr_line' id='line_1_41' title="bbox 569 3482 1634 3544; baseline 0.007 -16"><span class='ocrx_word' id='word_1_190' title='bbox 569 3494 698 3544; x_wconf 88' lang='lat' dir='ltr'><strong>pere</strong></span> <span class='ocrx_word' id='word_1_191' title='bbox 716 3488 928 3543; x_wconf 76' lang='lat' dir='ltr'><strong>possent</strong></span> <span class='ocrx_word' id='word_1_192' title='bbox 949 3482 1050 3531; x_wconf 74' lang='lat' dir='ltr'><strong>ittae</strong></span> <span class='ocrx_word' id='word_1_193' title='bbox 1074 3496 1248 3531; x_wconf 85' lang='lat' dir='ltr'><strong>naves.</strong></span> <span class='ocrx_word' id='word_1_194' title='bbox 1315 3486 1444 3533; x_wconf 88' lang='lat' dir='ltr'><strong>Etsi</strong></span> <span class='ocrx_word' id='word_1_195' title='bbox 1464 3486 1634 3535; x_wconf 87' lang='lat' dir='ltr'><strong>distri-</strong></span> 
     </span>
     <span class='ocr_line' id='line_1_42' title="bbox 571 3554 1633 3615; baseline 0.005 -10"><span class='ocrx_word' id='word_1_196' title='bbox 571 3554 686 3605; x_wconf 85' lang='lat' dir='ltr'><strong>buis</strong></span> <span class='ocrx_word' id='word_1_197' title='bbox 727 3556 1045 3615; x_wconf 69' lang='lat' dir='ltr'><strong>undeviginti</strong></span> <span class='ocrx_word' id='word_1_198' title='bbox 1100 3558 1261 3607; x_wconf 86' lang='lat' dir='ltr'><strong>millia</strong></span> <span class='ocrx_word' id='word_1_199' title='bbox 1320 3569 1633 3610; x_wconf 87' lang='lat' dir='ltr'><strong>armatorum</strong></span> 
     </span>
     <span class='ocr_line' id='line_1_43' title="bbox 571 3632 1633 3699; baseline 0.006 -20"><span class='ocrx_word' id='word_1_200' title='bbox 571 3636 780 3679; x_wconf 85' lang='lat' dir='ltr'><strong>centnm</strong></span> <span class='ocrx_word' id='word_1_201' title='bbox 825 3632 1061 3693; x_wconf 81' lang='lat' dir='ltr'><strong>navibus,</strong></span> <span class='ocrx_word' id='word_1_202' title='bbox 1127 3634 1356 3695; x_wconf 83' lang='lat' dir='ltr'><strong>reperies</strong></span> <span class='ocrx_word' id='word_1_203' title='bbox 1402 3636 1633 3699; x_wconf 86' lang='lat' dir='ltr'><strong>qualibet</strong></span> 
     </span>
     <span class='ocr_line' id='line_1_44' title="bbox 569 3706 1635 3774; baseline 0.003 -18"><span class='ocrx_word' id='word_1_204' title='bbox 569 3706 693 3756; x_wconf 82' lang='lat' dir='ltr'><strong>navi</strong></span> <span class='ocrx_word' id='word_1_205' title='bbox 723 3706 956 3757; x_wconf 84' lang='lat' dir='ltr'><strong>invectos</strong></span> <span class='ocrx_word' id='word_1_206' title='bbox 980 3707 1226 3757; x_wconf 81' lang='lat' dir='ltr'><strong>ducentos</strong></span> <span class='ocrx_word' id='word_1_207' title='bbox 1249 3708 1496 3772; x_wconf 79' lang='lat' dir='ltr'><strong>homiues,</strong></span> <span class='ocrx_word' id='word_1_208' title='bbox 1519 3712 1635 3774; x_wconf 81' lang='lat' dir='ltr'><strong>plus</strong></span> 
     </span>
     <span class='ocr_line' id='line_1_45' title="bbox 569 3782 1633 3847; baseline 0.004 -16"><span class='ocrx_word' id='word_1_209' title='bbox 569 3782 759 3844; x_wconf 85' lang='lat' dir='ltr'><strong>minus,</strong></span> <span class='ocrx_word' id='word_1_210' title='bbox 802 3796 895 3847; x_wconf 86' lang='lat' dir='ltr'><strong>pro</strong></span> <span class='ocrx_word' id='word_1_211' title='bbox 937 3784 1139 3833; x_wconf 86' lang='lat' dir='ltr'><strong>ratione</strong></span> <span class='ocrx_word' id='word_1_212' title='bbox 1182 3792 1237 3832; x_wconf 89' lang='lat' dir='ltr'><strong>et</strong></span> <span class='ocrx_word' id='word_1_213' title='bbox 1279 3784 1633 3845; x_wconf 73' lang='lat' dir='ltr'><strong>magnitudine</strong></span> 
     </span>
     <span class='ocr_line' id='line_1_46' title="bbox 571 3858 1633 3925; baseline 0.004 -18"><span class='ocrx_word' id='word_1_214' title='bbox 571 3858 852 3925; x_wconf 76' lang='lat' dir='ltr'><strong>cujuslibet</strong></span> <span class='ocrx_word' id='word_1_215' title='bbox 877 3860 1034 3909; x_wconf 83' lang='lat' dir='ltr'><strong>navis.</strong></span> <span class='ocrx_word' id='word_1_216' title='bbox 1101 3860 1169 3908; x_wconf 85' lang='lat' dir='ltr'><strong>Et</strong></span> <span class='ocrx_word' id='word_1_217' title='bbox 1203 3874 1270 3907; x_wconf 90' lang='lat' dir='ltr'><strong>ne</strong></span> <span class='ocrx_word' id='word_1_218' title='bbox 1307 3859 1504 3909; x_wconf 88' lang='lat' dir='ltr'><strong>mireris</strong></span> <span class='ocrx_word' id='word_1_219' title='bbox 1539 3876 1633 3911; x_wconf 88' lang='lat' dir='ltr'><strong>nu-</strong></span> 
     </span>
     <span class='ocr_line' id='line_1_47' title="bbox 569 3936 1631 3988; baseline 0.003 -4"><span class='ocrx_word' id='word_1_220' title='bbox 569 3949 768 3984; x_wconf 85' lang='lat' dir='ltr'><strong>merum</strong></span> <span class='ocrx_word' id='word_1_221' title='bbox 789 3936 930 3985; x_wconf 84' lang='lat' dir='ltr'><strong>illum</strong></span> <span class='ocrx_word' id='word_1_222' title='bbox 955 3936 1160 3984; x_wconf 81' lang='lat' dir='ltr'><strong>navium</strong></span> <span class='ocrx_word' id='word_1_223' title='bbox 1183 3940 1271 3981; x_wconf 83' lang='lat' dir='ltr'><strong>aut</strong></span> <span class='ocrx_word' id='word_1_224' title='bbox 1292 3942 1631 3988; x_wconf 85' lang='lat' dir='ltr'><strong>armatorum:</strong></span> 
     </span>
     <span class='ocr_line' id='line_1_48' title="bbox 569 4010 1633 4074; baseline 0.001 -14"><span class='ocrx_word' id='word_1_225' title='bbox 569 4024 686 4060; x_wconf 85' lang='lat' dir='ltr'><strong>nam</strong></span> <span class='ocrx_word' id='word_1_226' title='bbox 711 4026 826 4061; x_wconf 76' lang='lat' dir='ltr'><strong>mox</strong></span> <span class='ocrx_word' id='word_1_227' title='bbox 847 4012 1192 4069; x_wconf 75' lang='lat' dir='ltr'><strong>Domitianus,</strong></span> <span class='ocrx_word' id='word_1_228' title='bbox 1208 4010 1360 4059; x_wconf 80' lang='lat' dir='ltr'><strong>etiam</strong></span> <span class='ocrx_word' id='word_1_229' title='bbox 1382 4014 1633 4074; x_wconf 75' lang='lat' dir='ltr'><strong>paeaejus·</strong></span> 
     </span>
     <span class='ocr_line' id='line_1_49' title="bbox 571 4088 1635 4153; baseline 0.002 -16"><span class='ocrx_word' id='word_1_230' title='bbox 571 4094 730 4138; x_wconf 69' lang='lat' dir='ltr'><strong>em</strong></span> <span class='ocrx_word' id='word_1_231' title='bbox 751 4091 964 4138; x_wconf 75' lang='lat' dir='ltr'><strong>classium</strong></span> <span class='ocrx_word' id='word_1_232' title='bbox 993 4088 1163 4147; x_wconf 76' lang='lat' dir='ltr'><strong>instar,</strong></span> <span class='ocrx_word' id='word_1_233' title='bbox 1196 4088 1403 4137; x_wconf 77' lang='lat' dir='ltr'><strong>navales</strong></span> <span class='ocrx_word' id='word_1_234' title='bbox 1438 4104 1635 4153; x_wconf 88' lang='lat' dir='ltr'><strong>pugnas</strong></span> 
     </span>
     <span class='ocr_line' id='line_1_50' title="bbox 571 4164 1635 4226; baseline 0.002 -15"><span class='ocrx_word' id='word_1_235' title='bbox 571 4164 823 4225; x_wconf 73' lang='lat' dir='ltr'><strong>exhibuit,</strong></span> <span class='ocrx_word' id='word_1_236' title='bbox 855 4172 912 4213; x_wconf 90' lang='lat' dir='ltr'><strong>et</strong></span> <span class='ocrx_word' id='word_1_237' title='bbox 943 4164 1102 4213; x_wconf 86' lang='lat' dir='ltr'><strong>etiam</strong></span> <span class='ocrx_word' id='word_1_238' title='bbox 1137 4164 1364 4213; x_wconf 79' lang='lat' dir='ltr'><strong>excessit</strong></span> <span class='ocrx_word' id='word_1_239' title='bbox 1401 4165 1635 4226; x_wconf 74' lang='lat' dir='ltr'><strong>praelium</strong></span> 
     </span>
     <span class='ocr_line' id='line_1_51' title="bbox 571 4234 1637 4303; baseline 0.004 -18"><span class='ocrx_word' id='word_1_240' title='bbox 571 4234 699 4285; x_wconf 79' lang='lat' dir='ltr'><strong>illud</strong></span> <span class='ocrx_word' id='word_1_241' title='bbox 723 4236 950 4303; x_wconf 77' lang='lat' dir='ltr'><strong>Claudii,</strong></span> <span class='ocrx_word' id='word_1_242' title='bbox 970 4244 1030 4287; x_wconf 89' lang='lat' dir='ltr'><strong>ut</strong></span> <span class='ocrx_word' id='word_1_243' title='bbox 1049 4252 1252 4303; x_wconf 83' lang='lat' dir='ltr'><strong>semper</strong></span> <span class='ocrx_word' id='word_1_244' title='bbox 1273 4240 1465 4288; x_wconf 85' lang='lat' dir='ltr'><strong>crescit</strong></span> <span class='ocrx_word' id='word_1_245' title='bbox 1485 4238 1637 4289; x_wconf 85' lang='lat' dir='ltr'><strong>luxus</strong></span> 
     </span>
    </p>
   </div>
   <div class='ocr_carea' id='block_1_8' title="bbox 1688 752 2781 4299">
    <p class='ocr_par' dir='ltr' id='par_1_12' title="bbox 1692 752 2739 805">
     <span class='ocr_line' id='line_1_52' title="bbox 1692 752 2739 805; baseline -0.005 0"><span class='ocrx_word' id='word_1_246' title='bbox 1692 760 1749 805; x_wconf 88' lang='lat' dir='ltr'><strong>et</strong></span> <span class='ocrx_word' id='word_1_247' title='bbox 1771 752 2003 804; x_wconf 85' lang='lat' dir='ltr'><strong>audacia.</strong></span> <span class='ocrx_word' id='word_1_248' title='bbox 2731 758 2739 767; x_wconf 86' lang='lat'><strong><em>‘</em></strong></span> 
     </span>
    </p>

    <p class='ocr_par' dir='ltr' id='par_1_13' title="bbox 1688 824 2763 1944">
     <span class='ocr_line' id='line_1_53' title="bbox 1754 824 2753 896; baseline -0.004 -15"><span class='ocrx_word' id='word_1_249' title='bbox 1754 831 1962 896; x_wconf 84' lang='lat' dir='ltr'><strong>ltaque,</strong></span> <span class='ocrx_word' id='word_1_250' title='bbox 2004 830 2047 879; x_wconf 89' lang='lat' dir='ltr'><strong>si</strong></span> <span class='ocrx_word' id='word_1_251' title='bbox 2088 826 2304 892; x_wconf 83' lang='lat' dir='ltr'><strong>respicis</strong></span> <span class='ocrx_word' id='word_1_252' title='bbox 2346 824 2535 891; x_wconf 74' lang='lat' dir='ltr'><strong>viginti</strong></span> <span class='ocrx_word' id='word_1_253' title='bbox 2591 826 2753 877; x_wconf 78' lang='lat' dir='ltr'><strong>millia</strong></span> 
     </span>
     <span class='ocr_line' id='line_1_54' title="bbox 1688 900 2753 960; baseline -0.008 -4"><span class='ocrx_word' id='word_1_254' title='bbox 1688 907 1951 956; x_wconf 82' lang='lat' dir='ltr'><strong>bominum</strong></span> <span class='ocrx_word' id='word_1_255' title='bbox 1970 910 2163 955; x_wconf 83' lang='lat' dir='ltr'><strong>armata</strong></span> <span class='ocrx_word' id='word_1_256' title='bbox 2178 910 2235 953; x_wconf 91' lang='lat' dir='ltr'><strong>et</strong></span> <span class='ocrx_word' id='word_1_257' title='bbox 2250 904 2477 953; x_wconf 84' lang='lat' dir='ltr'><strong>ostentui</strong></span> <span class='ocrx_word' id='word_1_258' title='bbox 2493 900 2753 960; x_wconf 68' lang='lat' dir='ltr'><strong>caluitum</strong></span> 
     </span>
     <span class='ocr_line' id='line_1_55' title="bbox 1690 976 2756 1046; baseline -0.007 -14"><span class='ocrx_word' id='word_1_259' title='bbox 1690 982 1735 1032; x_wconf 90' lang='lat' dir='ltr'><strong>si</strong></span> <span class='ocrx_word' id='word_1_260' title='bbox 1755 984 1974 1046; x_wconf 88' lang='lat' dir='ltr'><strong>respicis</strong></span> <span class='ocrx_word' id='word_1_261' title='bbox 1996 996 2125 1045; x_wconf 84' lang='lat' dir='ltr'><strong>opus</strong></span> <span class='ocrx_word' id='word_1_262' title='bbox 2150 980 2449 1028; x_wconf 84' lang='lat' dir='ltr'><strong>immensum</strong></span> <span class='ocrx_word' id='word_1_263' title='bbox 2481 976 2756 1028; x_wconf 83' lang='lat' dir='ltr'><strong>emittendi</strong></span> 
     </span>
     <span class='ocr_line' id='line_1_56' title="bbox 1690 1053 2756 1122; baseline -0.006 -15"><span class='ocrx_word' id='word_1_264' title='bbox 1690 1058 1853 1121; x_wconf 83' lang='lat' dir='ltr'><strong>lacus,</strong></span> <span class='ocrx_word' id='word_1_265' title='bbox 1888 1072 1989 1122; x_wconf 85' lang='lat' dir='ltr'><strong>qno</strong></span> <span class='ocrx_word' id='word_1_266' title='bbox 2022 1070 2179 1120; x_wconf 86' lang='lat' dir='ltr'><strong>opere</strong></span> <span class='ocrx_word' id='word_1_267' title='bbox 2212 1055 2515 1104; x_wconf 67' lang='lat' dir='ltr'><strong>insudarunt</strong></span> <span class='ocrx_word' id='word_1_268' title='bbox 2538 1053 2756 1117; x_wconf 77' lang='lat' dir='ltr'><strong>triginta</strong></span> 
     </span>
     <span class='ocr_line' id='line_1_57' title="bbox 1690 1132 2757 1197; baseline -0.005 -13"><span class='ocrx_word' id='word_1_269' title='bbox 1690 1135 1852 1184; x_wconf 88' lang='lat' dir='ltr'><strong>millia</strong></span> <span class='ocrx_word' id='word_1_270' title='bbox 1872 1134 2129 1184; x_wconf 88' lang='lat' dir='ltr'><strong>bominum</strong></span> <span class='ocrx_word' id='word_1_271' title='bbox 2169 1148 2264 1197; x_wconf 86' lang='lat' dir='ltr'><strong>per</strong></span> <span class='ocrx_word' id='word_1_272' title='bbox 2286 1132 2527 1182; x_wconf 83' lang='lat' dir='ltr'><strong>undecim</strong></span> <span class='ocrx_word' id='word_1_273' title='bbox 2564 1144 2757 1193; x_wconf 57' lang='lat' dir='ltr'><strong>aunon</strong></span> 
     </span>
     <span class='ocr_line' id='line_1_58' title="bbox 1694 1209 2753 1276; baseline -0.005 -14"><span class='ocrx_word' id='word_1_274' title='bbox 1694 1212 1737 1262; x_wconf 88' lang='lat' dir='ltr'><strong>si</strong></span> <span class='ocrx_word' id='word_1_275' title='bbox 1763 1212 1976 1276; x_wconf 88' lang='lat' dir='ltr'><strong>respicis</strong></span> <span class='ocrx_word' id='word_1_276' title='bbox 2000 1213 2267 1275; x_wconf 79' lang='lat' dir='ltr'><strong>ingentem</strong></span> <span class='ocrx_word' id='word_1_277' title='bbox 2300 1212 2445 1260; x_wconf 86' lang='lat' dir='ltr'><strong>lacus</strong></span> <span class='ocrx_word' id='word_1_278' title='bbox 2482 1209 2753 1270; x_wconf 89' lang='lat' dir='ltr'><strong>ambitum,</strong></span> 
     </span>
     <span class='ocr_line' id='line_1_59' title="bbox 1694 1288 2757 1355; baseline -0.005 -15"><span class='ocrx_word' id='word_1_279' title='bbox 1694 1290 1923 1355; x_wconf 82' lang='lat' dir='ltr'><strong>undique</strong></span> <span class='ocrx_word' id='word_1_280' title='bbox 1943 1290 2139 1339; x_wconf 87' lang='lat' dir='ltr'><strong>ratibus</strong></span> <span class='ocrx_word' id='word_1_281' title='bbox 2158 1296 2213 1339; x_wconf 87' lang='lat' dir='ltr'><strong>et</strong></span> <span class='ocrx_word' id='word_1_282' title='bbox 2238 1290 2562 1353; x_wconf 66' lang='lat' dir='ltr'><strong>pretorianis</strong></span> <span class='ocrx_word' id='word_1_283' title='bbox 2578 1288 2757 1338; x_wconf 83' lang='lat' dir='ltr'><strong>cobor-</strong></span> 
     </span>
     <span class='ocr_line' id='line_1_60' title="bbox 1698 1365 2759 1430; baseline -0.004 -13"><span class='ocrx_word' id='word_1_284' title='bbox 1698 1366 1837 1417; x_wconf 84' lang='lat' dir='ltr'><strong>tibus</strong></span> <span class='ocrx_word' id='word_1_285' title='bbox 1861 1366 2264 1425; x_wconf 76' lang='lat' dir='ltr'><strong>circumdatum3</strong></span> <span class='ocrx_word' id='word_1_286' title='bbox 2300 1367 2343 1414; x_wconf 90' lang='lat' dir='ltr'><strong>si</strong></span> <span class='ocrx_word' id='word_1_287' title='bbox 2382 1366 2593 1430; x_wconf 83' lang='lat' dir='ltr'><strong>respicis</strong></span> <span class='ocrx_word' id='word_1_288' title='bbox 2632 1365 2759 1415; x_wconf 84' lang='lat' dir='ltr'><strong>clas·</strong></span> 
     </span>
     <span class='ocr_line' id='line_1_61' title="bbox 1695 1441 2761 1505; baseline 0 -16"><span class='ocrx_word' id='word_1_289' title='bbox 1695 1442 1871 1490; x_wconf 84' lang='lat' dir='ltr'><strong>siarios</strong></span> <span class='ocrx_word' id='word_1_290' title='bbox 1894 1442 2082 1505; x_wconf 84' lang='lat' dir='ltr'><strong>passim</strong></span> <span class='ocrx_word' id='word_1_291' title='bbox 2108 1448 2221 1491; x_wconf 89' lang='lat' dir='ltr'><strong>toto</strong></span> <span class='ocrx_word' id='word_1_292' title='bbox 2244 1441 2359 1491; x_wconf 86' lang='lat' dir='ltr'><strong>lacu</strong></span> <span class='ocrx_word' id='word_1_293' title='bbox 2385 1441 2679 1504; x_wconf 85' lang='lat' dir='ltr'><strong>dispositos,</strong></span> <span class='ocrx_word' id='word_1_294' title='bbox 2702 1444 2761 1489; x_wconf 82' lang='lat' dir='ltr'><strong>ut</strong></span> 
     </span>
     <span class='ocr_line' id='line_1_62' title="bbox 1696 1514 2761 1581; baseline -0.001 -17"><span class='ocrx_word' id='word_1_295' title='bbox 1696 1530 1881 1581; x_wconf 84' lang='lat' dir='ltr'><strong>nempe</strong></span> <span class='ocrx_word' id='word_1_296' title='bbox 1901 1516 2235 1579; x_wconf 84' lang='lat' dir='ltr'><strong>prohiberent</strong></span> <span class='ocrx_word' id='word_1_297' title='bbox 2261 1516 2675 1581; x_wconf 69' lang='lat' dir='ltr'><strong>repellere-utque</strong></span> <span class='ocrx_word' id='word_1_298' title='bbox 2695 1514 2761 1563; x_wconf 89' lang='lat' dir='ltr'><strong>si·</strong></span> 
     </span>
     <span class='ocr_line' id='line_1_63' title="bbox 1696 1590 2761 1657; baseline -0.002 -16"><span class='ocrx_word' id='word_1_299' title='bbox 1696 1593 1801 1641; x_wconf 87' lang='lat' dir='ltr'><strong>mul</strong></span> <span class='ocrx_word' id='word_1_300' title='bbox 1824 1606 1938 1641; x_wconf 88' lang='lat' dir='ltr'><strong>cum</strong></span> <span class='ocrx_word' id='word_1_301' title='bbox 1964 1592 2286 1657; x_wconf 68' lang='lat' dir='ltr'><strong>pretorianis</strong></span> <span class='ocrx_word' id='word_1_302' title='bbox 2312 1600 2598 1657; x_wconf 71' lang='lat' dir='ltr'><strong>pugnantes</strong></span> <span class='ocrx_word' id='word_1_303' title='bbox 2620 1590 2761 1639; x_wconf 87' lang='lat' dir='ltr'><strong>dam·</strong></span> 
     </span>
     <span class='ocr_line' id='line_1_64' title="bbox 1698 1666 2763 1733; baseline 0.001 -17"><span class='ocrx_word' id='word_1_304' title='bbox 1698 1675 1862 1729; x_wconf 88' lang='lat' dir='ltr'><strong>natos,</strong></span> <span class='ocrx_word' id='word_1_305' title='bbox 1906 1668 1949 1717; x_wconf 89' lang='lat' dir='ltr'><strong>si</strong></span> <span class='ocrx_word' id='word_1_306' title='bbox 1994 1684 2146 1733; x_wconf 89' lang='lat' dir='ltr'><strong>quam</strong></span> <span class='ocrx_word' id='word_1_307' title='bbox 2196 1667 2297 1717; x_wconf 82' lang='lat' dir='ltr'><strong>vim</strong></span> <span class='ocrx_word' id='word_1_308' title='bbox 2351 1666 2619 1728; x_wconf 82' lang='lat' dir='ltr'><strong>inferrent,</strong></span> <span class='ocrx_word' id='word_1_309' title='bbox 2671 1670 2763 1717; x_wconf 84' lang='lat' dir='ltr'><strong>aut</strong></span> 
     </span>
     <span class='ocr_line' id='line_1_65' title="bbox 1698 1742 2757 1807; baseline -0.004 -14"><span class='ocrx_word' id='word_1_310' title='bbox 1698 1744 1853 1793; x_wconf 87' lang='lat' dir='ltr'><strong>etiam</strong></span> <span class='ocrx_word' id='word_1_311' title='bbox 1904 1742 2077 1806; x_wconf 81' lang='lat' dir='ltr'><strong>fugam</strong></span> <span class='ocrx_word' id='word_1_312' title='bbox 2122 1758 2151 1792; x_wconf 90' lang='lat' dir='ltr'><strong>e</strong></span> <span class='ocrx_word' id='word_1_313' title='bbox 2192 1756 2369 1807; x_wconf 81' lang='lat' dir='ltr'><strong>pugna</strong></span> <span class='ocrx_word' id='word_1_314' title='bbox 2428 1742 2757 1802; x_wconf 80' lang='lat' dir='ltr'><strong>molirentnr3</strong></span> 
     </span>
     <span class='ocr_line' id='line_1_66' title="bbox 1696 1820 2761 1882; baseline -0.002 -15"><span class='ocrx_word' id='word_1_315' title='bbox 1696 1820 1831 1868; x_wconf 83' lang='lat' dir='ltr'><strong>hunc</strong></span> <span class='ocrx_word' id='word_1_316' title='bbox 1865 1824 2009 1868; x_wconf 86' lang='lat' dir='ltr'><strong>certe</strong></span> <span class='ocrx_word' id='word_1_317' title='bbox 2045 1830 2315 1868; x_wconf 88' lang='lat' dir='ltr'><strong>numerum</strong></span> <span class='ocrx_word' id='word_1_318' title='bbox 2349 1830 2551 1866; x_wconf 87' lang='lat' dir='ltr'><strong>mecum</strong></span> <span class='ocrx_word' id='word_1_319' title='bbox 2576 1832 2761 1882; x_wconf 88' lang='lat' dir='ltr'><strong>appro-</strong></span> 
     </span>
     <span class='ocr_line' id='line_1_67' title="bbox 1700 1892 1865 1944; baseline 0.006 -1"><span class='ocrx_word' id='word_1_320' title='bbox 1700 1892 1865 1944; x_wconf 88' lang='lat' dir='ltr'><strong>babis.</strong></span> 
     </span>
    </p>

    <p class='ocr_par' dir='ltr' id='par_1_14' title="bbox 1698 1966 2772 2774">
     <span class='ocr_line' id='line_1_68' title="bbox 1765 1966 2763 2033; baseline 0 -15"><span class='ocrx_word' id='word_1_321' title='bbox 1765 1969 1919 2022; x_wconf 82' lang='lat' dir='ltr'><strong>Quod</strong></span> <span class='ocrx_word' id='word_1_322' title='bbox 1944 1968 2173 2033; x_wconf 83' lang='lat' dir='ltr'><strong>pertinet</strong></span> <span class='ocrx_word' id='word_1_323' title='bbox 2195 1966 2260 2016; x_wconf 87' lang='lat' dir='ltr'><strong>ad</strong></span> <span class='ocrx_word' id='word_1_324' title='bbox 2285 1982 2349 2017; x_wconf 89' lang='lat' dir='ltr'><strong>ea</strong></span> <span class='ocrx_word' id='word_1_325' title='bbox 2370 1967 2531 2017; x_wconf 85' lang='lat' dir='ltr'><strong>verba</strong></span> <span class='ocrx_word' id='word_1_326' title='bbox 2548 1966 2732 2016; x_wconf 86' lang='lat' dir='ltr'><strong>Dionis</strong></span> <span class='ocrx_word' id='word_1_327' title='bbox 2746 1984 2763 2018; x_wconf 70' lang='grc' dir='ltr'>ε</span> 
     </span>
     <span class='ocr_line' id='line_1_69' title="bbox 1698 2040 2767 2107; baseline -0.001 -15"><span class='ocrx_word' id='word_1_328' title='bbox 1698 2042 1863 2107; x_wconf 68' lang='grc' dir='ltr'><strong><em>τεῖχός</em></strong></span> <span class='ocrx_word' id='word_1_329' title='bbox 1880 2062 1939 2093; x_wconf 71' lang='lat' dir='ltr'><strong>‘ra</strong></span> <span class='ocrx_word' id='word_1_330' title='bbox 1958 2042 2061 2106; x_wconf 63' lang='grc' dir='ltr'><strong>περὶ</strong></span> <span class='ocrx_word' id='word_1_331' title='bbox 2072 2042 2220 2101; x_wconf 62' lang='grc' dir='ltr'><strong><em>αὑτὴν</em></strong></span> <span class='ocrx_word' id='word_1_332' title='bbox 2229 2041 2415 2105; x_wconf 71' lang='grc' dir='ltr'><strong>ξύλινον</strong></span> <span class='ocrx_word' id='word_1_333' title='bbox 2428 2058 2629 2091; x_wconf 76' lang='grc' dir='ltr'><strong>κατεσκε</strong></span> <span class='ocrx_word' id='word_1_334' title='bbox 2634 2040 2767 2105; x_wconf 65' lang='lat' dir='ltr'><strong>bace,</strong></span> 
     </span>
     <span class='ocr_line' id='line_1_70' title="bbox 1700 2118 2767 2183; baseline -0.003 -14"><span class='ocrx_word' id='word_1_335' title='bbox 1700 2120 1779 2169; x_wconf 74' lang='lat' dir='ltr'><strong>erui</strong></span> <span class='ocrx_word' id='word_1_336' title='bbox 1795 2119 1917 2183; x_wconf 70' lang='lat' dir='ltr'><strong>inpia</strong></span> <span class='ocrx_word' id='word_1_337' title='bbox 1938 2118 2093 2181; x_wconf 68' lang='grc' dir='ltr'><strong><em>ἔιηεε·</em></strong></span> <span class='ocrx_word' id='word_1_338' title='bbox 2117 2119 2169 2168; x_wconf 85' lang='lat' dir='ltr'><strong>id</strong></span> <span class='ocrx_word' id='word_1_339' title='bbox 2184 2126 2284 2181; x_wconf 76' lang='lat' dir='ltr'><strong>est,</strong></span> <span class='ocrx_word' id='word_1_340' title='bbox 2303 2120 2319 2146; x_wconf 90' lang='lat'>‘</span> <span class='ocrx_word' id='word_1_341' title='bbox 2334 2120 2646 2182; x_wconf 81' lang='lat' dir='ltr'><strong>Murumque</strong></span> <span class='ocrx_word' id='word_1_342' title='bbox 2670 2118 2767 2181; x_wconf 84' lang='lat' dir='ltr'><strong>lig·</strong></span> 
     </span>
     <span class='ocr_line' id='line_1_71' title="bbox 1702 2194 2765 2252; baseline -0.002 -8"><span class='ocrx_word' id='word_1_343' title='bbox 1702 2210 1854 2245; x_wconf 88' lang='lat' dir='ltr'><strong>neum</strong></span> <span class='ocrx_word' id='word_1_344' title='bbox 1878 2196 2016 2244; x_wconf 83' lang='lat' dir='ltr'><strong>circa</strong></span> <span class='ocrx_word' id='word_1_345' title='bbox 2040 2195 2180 2244; x_wconf 89' lang='lat' dir='ltr'><strong>illum</strong></span> <span class='ocrx_word' id='word_1_346' title='bbox 2214 2196 2382 2243; x_wconf 86' lang='lat' dir='ltr'><strong>lacum</strong></span> <span class='ocrx_word' id='word_1_347' title='bbox 2408 2194 2687 2252; x_wconf 77' lang='lat' dir='ltr'><strong>exstruxit,</strong></span> <span class='ocrx_word' id='word_1_348' title='bbox 2709 2200 2765 2242; x_wconf 89' lang='lat' dir='ltr'><strong>et</strong></span> 
     </span>
     <span class='ocr_line' id='line_1_72' title="bbox 1702 2267 2769 2333; baseline -0.003 -13"><span class='ocrx_word' id='word_1_349' title='bbox 1702 2270 2051 2333; x_wconf 89' lang='lat' dir='ltr'><strong>tabulata,seu</strong></span> <span class='ocrx_word' id='word_1_350' title='bbox 2068 2271 2232 2333; x_wconf 85' lang='lat' dir='ltr'><strong>palos,</strong></span> <span class='ocrx_word' id='word_1_351' title='bbox 2242 2278 2333 2319; x_wconf 81' lang='lat' dir='ltr'><strong>aut</strong></span> <span class='ocrx_word' id='word_1_352' title='bbox 2350 2270 2524 2319; x_wconf 87' lang='lat' dir='ltr'><strong>trabes</strong></span> <span class='ocrx_word' id='word_1_353' title='bbox 2540 2267 2725 2317; x_wconf 76' lang='lat' dir='ltr'><strong>defixit</strong></span> <span class='ocrx_word' id='word_1_354' title='bbox 2737 2268 2769 2317; x_wconf 67' lang='grc' dir='ltr'><strong>τ’</strong></span> 
     </span>
     <span class='ocr_line' id='line_1_73' title="bbox 1702 2345 2767 2409; baseline -0.002 -14"><span class='ocrx_word' id='word_1_355' title='bbox 1702 2360 1803 2396; x_wconf 91' lang='lat' dir='ltr'><strong>non</strong></span> <span class='ocrx_word' id='word_1_356' title='bbox 1838 2346 2031 2395; x_wconf 83' lang='lat' dir='ltr'><strong>debent</strong></span> <span class='ocrx_word' id='word_1_357' title='bbox 2065 2346 2217 2395; x_wconf 79' lang='lat' dir='ltr'><strong>aliter</strong></span> <span class='ocrx_word' id='word_1_358' title='bbox 2244 2345 2473 2409; x_wconf 72' lang='lat' dir='ltr'><strong>intelligi,</strong></span> <span class='ocrx_word' id='word_1_359' title='bbox 2508 2359 2659 2409; x_wconf 86' lang='lat' dir='ltr'><strong>quam</strong></span> <span class='ocrx_word' id='word_1_360' title='bbox 2700 2358 2767 2393; x_wconf 81' lang='lat' dir='ltr'><strong>ex</strong></span> 
     </span>
     <span class='ocr_line' id='line_1_74' title="bbox 1702 2420 2772 2479; baseline -0.005 -7"><span class='ocrx_word' id='word_1_361' title='bbox 1702 2428 1875 2473; x_wconf 87' lang='lat' dir='ltr'><strong>mente</strong></span> <span class='ocrx_word' id='word_1_362' title='bbox 1900 2427 1952 2479; x_wconf 70' lang='lat' dir='ltr'><strong>et</strong></span> <span class='ocrx_word' id='word_1_363' title='bbox 1974 2420 2184 2469; x_wconf 82' lang='lat' dir='ltr'><strong>historia</strong></span> <span class='ocrx_word' id='word_1_364' title='bbox 2205 2420 2369 2469; x_wconf 78' lang='lat' dir='ltr'><strong>Taciti</strong></span> <span class='ocrx_word' id='word_1_365' title='bbox 2390 2436 2405 2469; x_wconf 69' lang='grc' dir='ltr'>ι</span> <span class='ocrx_word' id='word_1_366' title='bbox 2442 2420 2515 2468; x_wconf 87' lang='lat' dir='ltr'><strong>ita</strong></span> <span class='ocrx_word' id='word_1_367' title='bbox 2535 2426 2593 2467; x_wconf 89' lang='lat' dir='ltr'><strong>ut</strong></span> <span class='ocrx_word' id='word_1_368' title='bbox 2610 2422 2772 2468; x_wconf 74' lang='lat' dir='ltr'><strong>murus</strong></span> 
     </span>
     <span class='ocr_line' id='line_1_75' title="bbox 1704 2495 2771 2558; baseline -0.006 -11"><span class='ocrx_word' id='word_1_369' title='bbox 1704 2499 1793 2547; x_wconf 88' lang='lat' dir='ltr'><strong>ille</strong></span> <span class='ocrx_word' id='word_1_370' title='bbox 1815 2498 2019 2558; x_wconf 67' lang='lat' dir='ltr'><strong>ligneus,</strong></span> <span class='ocrx_word' id='word_1_371' title='bbox 2046 2496 2169 2544; x_wconf 82' lang='lat' dir='ltr'><strong>nihil</strong></span> <span class='ocrx_word' id='word_1_372' title='bbox 2194 2495 2333 2544; x_wconf 84' lang='lat' dir='ltr'><strong>alind</strong></span> <span class='ocrx_word' id='word_1_373' title='bbox 2358 2495 2445 2555; x_wconf 85' lang='lat' dir='ltr'><strong>sit,</strong></span> <span class='ocrx_word' id='word_1_374' title='bbox 2468 2508 2619 2558; x_wconf 86' lang='lat' dir='ltr'><strong>quam</strong></span> <span class='ocrx_word' id='word_1_375' title='bbox 2642 2498 2771 2543; x_wconf 75' lang='lat' dir='ltr'><strong>rates</strong></span> 
     </span>
     <span class='ocr_line' id='line_1_76' title="bbox 1706 2570 2769 2635; baseline -0.003 -13"><span class='ocrx_word' id='word_1_376' title='bbox 1706 2574 1831 2635; x_wconf 67' lang='lat' dir='ltr'><strong>illm,</strong></span> <span class='ocrx_word' id='word_1_377' title='bbox 1853 2572 2035 2635; x_wconf 82' lang='lat' dir='ltr'><strong>quibus</strong></span> <span class='ocrx_word' id='word_1_378' title='bbox 2060 2570 2309 2621; x_wconf 87' lang='lat' dir='ltr'><strong>Claudius</strong></span> <span class='ocrx_word' id='word_1_379' title='bbox 2330 2571 2499 2621; x_wconf 81' lang='lat' dir='ltr'><strong>cinxit</strong></span> <span class='ocrx_word' id='word_1_380' title='bbox 2519 2570 2769 2621; x_wconf 85' lang='lat' dir='ltr'><strong>ambitum</strong></span> 
     </span>
     <span class='ocr_line' id='line_1_77' title="bbox 1706 2646 2771 2714; baseline -0.004 -15"><span class='ocrx_word' id='word_1_381' title='bbox 1706 2651 1868 2712; x_wconf 84' lang='lat' dir='ltr'><strong>lacus,</strong></span> <span class='ocrx_word' id='word_1_382' title='bbox 1912 2664 2015 2714; x_wconf 85' lang='lat' dir='ltr'><strong>quo</strong></span> <span class='ocrx_word' id='word_1_383' title='bbox 2060 2648 2253 2697; x_wconf 86' lang='lat' dir='ltr'><strong>classes</strong></span> <span class='ocrx_word' id='word_1_384' title='bbox 2300 2660 2532 2713; x_wconf 83' lang='lat' dir='ltr'><strong>pugnare</strong></span> <span class='ocrx_word' id='word_1_385' title='bbox 2577 2646 2771 2697; x_wconf 88' lang='lat' dir='ltr'><strong>debue-</strong></span> 
     </span>
     <span class='ocr_line' id='line_1_78' title="bbox 1712 2732 1850 2774; baseline 0 0"><span class='ocrx_word' id='word_1_386' title='bbox 1712 2732 1850 2774; x_wconf 81' lang='lat' dir='ltr'><strong>runt.</strong></span> 
     </span>
    </p>

    <p class='ocr_par' dir='ltr' id='par_1_15' title="bbox 1707 2796 2776 3691">
     <span class='ocr_line' id='line_1_79' title="bbox 1772 2796 2771 2859; baseline -0.002 -10"><span class='ocrx_word' id='word_1_387' title='bbox 1772 2802 1843 2849; x_wconf 89' lang='lat' dir='ltr'><strong>Et</strong></span> <span class='ocrx_word' id='word_1_388' title='bbox 1886 2814 2001 2849; x_wconf 88' lang='lat' dir='ltr'><strong>cum</strong></span> <span class='ocrx_word' id='word_1_389' title='bbox 2045 2800 2182 2849; x_wconf 89' lang='lat' dir='ltr'><strong>mica</strong></span> <span class='ocrx_word' id='word_1_390' title='bbox 2240 2800 2359 2849; x_wconf 90' lang='lat' dir='ltr'><strong>salis</strong></span> <span class='ocrx_word' id='word_1_391' title='bbox 2404 2796 2771 2859; x_wconf 81' lang='lat' dir='ltr'><strong>intelligendus</strong></span> 
     </span>
     <span class='ocr_line' id='line_1_80' title="bbox 1708 2874 2772 2941; baseline -0.004 -15"><span class='ocrx_word' id='word_1_392' title='bbox 1708 2878 1827 2940; x_wconf 88' lang='lat' dir='ltr'><strong>Dio,</strong></span> <span class='ocrx_word' id='word_1_393' title='bbox 1862 2878 1953 2941; x_wconf 88' lang='lat' dir='ltr'><strong>qui</strong></span> <span class='ocrx_word' id='word_1_394' title='bbox 1988 2874 2241 2925; x_wconf 75' lang='lat' dir='ltr'><strong>exscribit</strong></span> <span class='ocrx_word' id='word_1_395' title='bbox 2278 2874 2542 2923; x_wconf 76' lang='lat' dir='ltr'><strong>historiam</strong></span> <span class='ocrx_word' id='word_1_396' title='bbox 2584 2874 2772 2923; x_wconf 84' lang='lat' dir='ltr'><strong>Roma·</strong></span> 
     </span>
     <span class='ocr_line' id='line_1_81' title="bbox 1708 2948 2772 3013; baseline -0.002 -14"><span class='ocrx_word' id='word_1_397' title='bbox 1708 2966 1823 3001; x_wconf 81' lang='lat' dir='ltr'><strong>nam</strong></span> <span class='ocrx_word' id='word_1_398' title='bbox 1858 2967 1921 3001; x_wconf 83' lang='lat' dir='ltr'><strong>ex</strong></span> <span class='ocrx_word' id='word_1_399' title='bbox 1956 2950 2252 3000; x_wconf 87' lang='lat' dir='ltr'><strong>auctoribus</strong></span> <span class='ocrx_word' id='word_1_400' title='bbox 2282 2950 2429 2999; x_wconf 85' lang='lat' dir='ltr'><strong>Rom.</strong></span> <span class='ocrx_word' id='word_1_401' title='bbox 2454 2948 2772 3013; x_wconf 84' lang='lat' dir='ltr'><strong>invertitque</strong></span> 
     </span>
     <span class='ocr_line' id='line_1_82' title="bbox 1707 3024 2775 3087; baseline -0.006 -10"><span class='ocrx_word' id='word_1_402' title='bbox 1707 3028 1899 3077; x_wconf 69' lang='lat' dir='ltr'><strong>Graeco</strong></span> <span class='ocrx_word' id='word_1_403' title='bbox 1920 3040 2011 3077; x_wconf 85' lang='lat' dir='ltr'><strong>suo</strong></span> <span class='ocrx_word' id='word_1_404' title='bbox 2032 3040 2285 3085; x_wconf 85' lang='lat' dir='ltr'><strong>sermone,</strong></span> <span class='ocrx_word' id='word_1_405' title='bbox 2302 3030 2359 3073; x_wconf 88' lang='lat' dir='ltr'><strong>et</strong></span> <span class='ocrx_word' id='word_1_406' title='bbox 2382 3038 2521 3087; x_wconf 77' lang='lat' dir='ltr'><strong>saepe</strong></span> <span class='ocrx_word' id='word_1_407' title='bbox 2542 3024 2675 3073; x_wconf 85' lang='lat' dir='ltr'><strong>male</strong></span> <span class='ocrx_word' id='word_1_408' title='bbox 2696 3024 2775 3072; x_wconf 89' lang='lat' dir='ltr'><strong>in-</strong></span> 
     </span>
     <span class='ocr_line' id='line_1_83' title="bbox 1707 3101 2774 3153; baseline -0.001 -3"><span class='ocrx_word' id='word_1_409' title='bbox 1707 3102 1883 3153; x_wconf 83' lang='lat' dir='ltr'><strong>vertit.</strong></span> <span class='ocrx_word' id='word_1_410' title='bbox 1953 3104 2022 3152; x_wconf 88' lang='lat' dir='ltr'><strong>Et</strong></span> <span class='ocrx_word' id='word_1_411' title='bbox 2045 3108 2189 3152; x_wconf 85' lang='lat' dir='ltr'><strong>certe</strong></span> <span class='ocrx_word' id='word_1_412' title='bbox 2212 3101 2392 3151; x_wconf 82' lang='lat' dir='ltr'><strong>debuit</strong></span> <span class='ocrx_word' id='word_1_413' title='bbox 2414 3102 2514 3150; x_wconf 85' lang='lat' dir='ltr'><strong>Dio</strong></span> <span class='ocrx_word' id='word_1_414' title='bbox 2536 3101 2632 3149; x_wconf 86' lang='lat' dir='ltr'><strong>hoc</strong></span> <span class='ocrx_word' id='word_1_415' title='bbox 2655 3101 2774 3149; x_wconf 87' lang='lat' dir='ltr'><strong>loco</strong></span> 
     </span>
     <span class='ocr_line' id='line_1_84' title="bbox 1708 3175 2773 3240; baseline -0.001 -15"><span class='ocrx_word' id='word_1_416' title='bbox 1708 3177 2023 3240; x_wconf 67' lang='lat' dir='ltr'><strong>distinguere</strong></span> <span class='ocrx_word' id='word_1_417' title='bbox 2044 3178 2180 3226; x_wconf 85' lang='lat' dir='ltr'><strong>inter</strong></span> <span class='ocrx_word' id='word_1_418' title='bbox 2203 3175 2449 3225; x_wconf 83' lang='lat' dir='ltr'><strong>ambitum</strong></span> <span class='ocrx_word' id='word_1_419' title='bbox 2476 3176 2633 3237; x_wconf 85' lang='lat' dir='ltr'><strong>illum,</strong></span> <span class='ocrx_word' id='word_1_420' title='bbox 2669 3188 2773 3239; x_wconf 84' lang='lat' dir='ltr'><strong>quo</strong></span> 
     </span>
     <span class='ocr_line' id='line_1_85' title="bbox 1710 3250 2774 3318; baseline -0.003 -17"><span class='ocrx_word' id='word_1_421' title='bbox 1710 3262 1966 3317; x_wconf 79' lang='lat' dir='ltr'><strong>pugnaret</strong></span> <span class='ocrx_word' id='word_1_422' title='bbox 1990 3259 2212 3318; x_wconf 85' lang='lat' dir='ltr'><strong>utraque</strong></span> <span class='ocrx_word' id='word_1_423' title='bbox 2236 3250 2432 3313; x_wconf 83' lang='lat' dir='ltr'><strong>classis,</strong></span> <span class='ocrx_word' id='word_1_424' title='bbox 2457 3258 2511 3299; x_wconf 92' lang='lat' dir='ltr'><strong>et</strong></span> <span class='ocrx_word' id='word_1_425' title='bbox 2535 3250 2672 3299; x_wconf 91' lang='lat' dir='ltr'><strong>inter</strong></span> <span class='ocrx_word' id='word_1_426' title='bbox 2696 3258 2774 3299; x_wconf 85' lang='lat' dir='ltr'><strong>to-</strong></span> 
     </span>
     <span class='ocr_line' id='line_1_86' title="bbox 1712 3324 2774 3391; baseline -0.004 -14"><span class='ocrx_word' id='word_1_427' title='bbox 1712 3336 1818 3377; x_wconf 89' lang='lat' dir='ltr'><strong>tum</strong></span> <span class='ocrx_word' id='word_1_428' title='bbox 1852 3328 2096 3378; x_wconf 87' lang='lat' dir='ltr'><strong>ambitum</strong></span> <span class='ocrx_word' id='word_1_429' title='bbox 2133 3328 2334 3391; x_wconf 77' lang='lat' dir='ltr'><strong>stagni:</strong></span> <span class='ocrx_word' id='word_1_430' title='bbox 2379 3326 2565 3375; x_wconf 85' lang='lat' dir='ltr'><strong>debuit</strong></span> <span class='ocrx_word' id='word_1_431' title='bbox 2596 3324 2774 3375; x_wconf 88' lang='lat' dir='ltr'><strong>dicere</strong></span> 
     </span>
     <span class='ocr_line' id='line_1_87' title="bbox 1710 3400 2775 3467; baseline -0.005 -10"><span class='ocrx_word' id='word_1_432' title='bbox 1710 3402 1893 3457; x_wconf 53' lang='lat' dir='ltr'><strong>mustum</strong></span> <span class='ocrx_word' id='word_1_433' title='bbox 1918 3405 2057 3454; x_wconf 86' lang='lat' dir='ltr'><strong>illum</strong></span> <span class='ocrx_word' id='word_1_434' title='bbox 2078 3406 2306 3467; x_wconf 72' lang='lat' dir='ltr'><strong>ligneum,</strong></span> <span class='ocrx_word' id='word_1_435' title='bbox 2342 3418 2431 3452; x_wconf 78' lang='lat' dir='ltr'><strong>sen</strong></span> <span class='ocrx_word' id='word_1_436' title='bbox 2456 3409 2593 3450; x_wconf 86' lang='lat' dir='ltr'><strong>rates</strong></span> <span class='ocrx_word' id='word_1_437' title='bbox 2616 3400 2775 3452; x_wconf 88' lang='lat' dir='ltr'><strong>fuisse</strong></span> 
     </span>
     <span class='ocr_line' id='line_1_88' title="bbox 1712 3474 2773 3544; baseline -0.005 -13"><span class='ocrx_word' id='word_1_438' title='bbox 1712 3480 2013 3544; x_wconf 86' lang='lat' dir='ltr'><strong>dispositas,</strong></span> <span class='ocrx_word' id='word_1_439' title='bbox 2036 3486 2235 3529; x_wconf 85' lang='lat' dir='ltr'><strong>tantum</strong></span> <span class='ocrx_word' id='word_1_440' title='bbox 2260 3480 2401 3529; x_wconf 87' lang='lat' dir='ltr'><strong>circa</strong></span> <span class='ocrx_word' id='word_1_441' title='bbox 2418 3474 2773 3541; x_wconf 80' lang='lat' dir='ltr'><strong>spatium,quo</strong></span> 
     </span>
     <span class='ocr_line' id='line_1_89' title="bbox 1714 3549 2776 3621; baseline -0.007 -15"><span class='ocrx_word' id='word_1_442' title='bbox 1714 3570 1888 3621; x_wconf 77' lang='lat' dir='ltr'><strong>pugna</strong></span> <span class='ocrx_word' id='word_1_443' title='bbox 1908 3554 2161 3605; x_wconf 87' lang='lat' dir='ltr'><strong>committi</strong></span> <span class='ocrx_word' id='word_1_444' title='bbox 2186 3552 2389 3613; x_wconf 90' lang='lat' dir='ltr'><strong>debuit,</strong></span> <span class='ocrx_word' id='word_1_445' title='bbox 2411 3564 2509 3599; x_wconf 90' lang='lat' dir='ltr'><strong>non</strong></span> <span class='ocrx_word' id='word_1_446' title='bbox 2534 3549 2677 3599; x_wconf 86' lang='lat' dir='ltr'><strong>circa</strong></span> <span class='ocrx_word' id='word_1_447' title='bbox 2700 3552 2776 3599; x_wconf 85' lang='lat' dir='ltr'><strong>la·</strong></span> 
     </span>
     <span class='ocr_line' id='line_1_90' title="bbox 1710 3628 2161 3691; baseline -0.011 -9"><span class='ocrx_word' id='word_1_448' title='bbox 1710 3646 1846 3691; x_wconf 87' lang='lat' dir='ltr'><strong>cum,</strong></span> <span class='ocrx_word' id='word_1_449' title='bbox 1872 3628 2161 3679; x_wconf 81' lang='lat' dir='ltr'><strong>indefinite.</strong></span> 
     </span>
    </p>

    <p class='ocr_par' dir='ltr' id='par_1_16' title="bbox 1710 3700 2779 4219">
     <span class='ocr_line' id='line_1_91' title="bbox 1780 3700 2775 3772; baseline -0.004 -15"><span class='ocrx_word' id='word_1_450' title='bbox 1780 3710 1915 3757; x_wconf 84' lang='lat' dir='ltr'><strong>Nam</strong></span> <span class='ocrx_word' id='word_1_451' title='bbox 1940 3706 2053 3772; x_wconf 90' lang='lat' dir='ltr'><strong>quis</strong></span> <span class='ocrx_word' id='word_1_452' title='bbox 2088 3709 2257 3768; x_wconf 80' lang='lat' dir='ltr'><strong>putet,</strong></span> <span class='ocrx_word' id='word_1_453' title='bbox 2296 3702 2595 3751; x_wconf 88' lang='lat' dir='ltr'><strong>immensum</strong></span> <span class='ocrx_word' id='word_1_454' title='bbox 2630 3700 2775 3753; x_wconf 81' lang='lat' dir='ltr'><strong>illum</strong></span> 
     </span>
     <span class='ocr_line' id='line_1_92' title="bbox 1712 3775 2777 3845; baseline -0.007 -13"><span class='ocrx_word' id='word_1_455' title='bbox 1712 3783 1898 3841; x_wconf 87' lang='lat' dir='ltr'><strong>lacum,</strong></span> <span class='ocrx_word' id='word_1_456' title='bbox 1918 3788 1974 3830; x_wconf 90' lang='lat' dir='ltr'><strong>et</strong></span> <span class='ocrx_word' id='word_1_457' title='bbox 1996 3780 2087 3845; x_wconf 86' lang='lat' dir='ltr'><strong>qui</strong></span> <span class='ocrx_word' id='word_1_458' title='bbox 2109 3792 2165 3828; x_wconf 88' lang='lat' dir='ltr'><strong>se</strong></span> <span class='ocrx_word' id='word_1_459' title='bbox 2188 3776 2500 3828; x_wconf 76' lang='lat' dir='ltr'><strong>extenderet</strong></span> <span class='ocrx_word' id='word_1_460' title='bbox 2523 3775 2589 3824; x_wconf 90' lang='lat' dir='ltr'><strong>ad</strong></span> <span class='ocrx_word' id='word_1_461' title='bbox 2612 3776 2777 3825; x_wconf 87' lang='lat' dir='ltr'><strong>multa</strong></span> 
     </span>
     <span class='ocr_line' id='line_1_93' title="bbox 1710 3852 2777 3919; baseline -0.008 -12"><span class='ocrx_word' id='word_1_462' title='bbox 1710 3858 1974 3919; x_wconf 84' lang='lat' dir='ltr'><strong>milliaria,</strong></span> <span class='ocrx_word' id='word_1_463' title='bbox 2003 3863 2058 3904; x_wconf 86' lang='lat' dir='ltr'><strong>et</strong></span> <span class='ocrx_word' id='word_1_464' title='bbox 2092 3852 2204 3902; x_wconf 78' lang='lat' dir='ltr'><strong>fere</strong></span> <span class='ocrx_word' id='word_1_465' title='bbox 2237 3852 2301 3901; x_wconf 88' lang='lat' dir='ltr'><strong>ad</strong></span> <span class='ocrx_word' id='word_1_466' title='bbox 2338 3852 2563 3916; x_wconf 87' lang='lat' dir='ltr'><strong>quinque</strong></span> <span class='ocrx_word' id='word_1_467' title='bbox 2594 3852 2777 3900; x_wconf 83' lang='lat' dir='ltr'><strong>leucas</strong></span> 
     </span>
     <span class='ocr_line' id='line_1_94' title="bbox 1713 3929 2775 3993; baseline -0.006 -10"><span class='ocrx_word' id='word_1_468' title='bbox 1713 3932 1958 3993; x_wconf 85' lang='lat' dir='ltr'><strong>Gallicas,</strong></span> <span class='ocrx_word' id='word_1_469' title='bbox 1992 3932 2245 3980; x_wconf 85' lang='lat' dir='ltr'><strong>munitum</strong></span> <span class='ocrx_word' id='word_1_470' title='bbox 2270 3929 2607 3993; x_wconf 83' lang='lat' dir='ltr'><strong>undequaque</strong></span> <span class='ocrx_word' id='word_1_471' title='bbox 2630 3942 2775 3977; x_wconf 86' lang='lat' dir='ltr'><strong>muro</strong></span> 
     </span>
     <span class='ocr_line' id='line_1_95' title="bbox 1712 4004 2777 4071; baseline -0.006 -15"><span class='ocrx_word' id='word_1_472' title='bbox 1712 4006 1914 4071; x_wconf 82' lang='lat' dir='ltr'><strong>ligneo?</strong></span> <span class='ocrx_word' id='word_1_473' title='bbox 1966 4014 2021 4055; x_wconf 89' lang='lat' dir='ltr'><strong>et</strong></span> <span class='ocrx_word' id='word_1_474' title='bbox 2064 4006 2149 4053; x_wconf 89' lang='lat' dir='ltr'><strong>cui</strong></span> <span class='ocrx_word' id='word_1_475' title='bbox 2196 4004 2330 4054; x_wconf 86' lang='lat' dir='ltr'><strong>bono</strong></span> <span class='ocrx_word' id='word_1_476' title='bbox 2376 4010 2520 4053; x_wconf 83' lang='lat' dir='ltr'><strong>tanta</strong></span> <span class='ocrx_word' id='word_1_477' title='bbox 2569 4012 2777 4069; x_wconf 86' lang='lat' dir='ltr'><strong>tamque</strong></span> 
     </span>
     <span class='ocr_line' id='line_1_96' title="bbox 1711 4078 2779 4147; baseline -0.006 -14"><span class='ocrx_word' id='word_1_478' title='bbox 1711 4084 1866 4147; x_wconf 78' lang='lat' dir='ltr'><strong>longa</strong></span> <span class='ocrx_word' id='word_1_479' title='bbox 1886 4081 2075 4131; x_wconf 82' lang='lat' dir='ltr'><strong>moenia</strong></span> <span class='ocrx_word' id='word_1_480' title='bbox 2097 4080 2148 4128; x_wconf 92' lang='lat' dir='ltr'><strong>in</strong></span> <span class='ocrx_word' id='word_1_481' title='bbox 2182 4080 2319 4139; x_wconf 78' lang='lat' dir='ltr'><strong>laen,</strong></span> <span class='ocrx_word' id='word_1_482' title='bbox 2355 4092 2505 4143; x_wconf 84' lang='lat' dir='ltr'><strong>quem</strong></span> <span class='ocrx_word' id='word_1_483' title='bbox 2538 4078 2779 4127; x_wconf 71' lang='lat' dir='ltr'><strong>emittere</strong></span> 
     </span>
     <span class='ocr_line' id='line_1_97' title="bbox 1714 4154 2402 4219; baseline -0.007 -12"><span class='ocrx_word' id='word_1_484' title='bbox 1714 4165 1770 4207; x_wconf 90' lang='lat' dir='ltr'><strong>et</strong></span> <span class='ocrx_word' id='word_1_485' title='bbox 1792 4156 2061 4207; x_wconf 83' lang='lat' dir='ltr'><strong>exsiccare</strong></span> <span class='ocrx_word' id='word_1_486' title='bbox 2084 4154 2402 4219; x_wconf 85' lang='lat' dir='ltr'><strong>cupiebant?</strong></span> 
     </span>
    </p>

    <p class='ocr_par' dir='ltr' id='par_1_17' title="bbox 1778 4222 2781 4299">
     <span class='ocr_line' id='line_1_98' title="bbox 1778 4222 2781 4299; baseline -0.007 -15"><span class='ocrx_word' id='word_1_487' title='bbox 1778 4232 1951 4299; x_wconf 77' lang='lat' dir='ltr'><strong>Igitur</strong></span> <span class='ocrx_word' id='word_1_488' title='bbox 1978 4234 2063 4285; x_wconf 79' lang='lat' dir='ltr'><strong>bic</strong></span> <span class='ocrx_word' id='word_1_489' title='bbox 2099 4232 2352 4297; x_wconf 73' lang='lat' dir='ltr'><strong>intellige,</strong></span> <span class='ocrx_word' id='word_1_490' title='bbox 2380 4246 2481 4281; x_wconf 89' lang='lat' dir='ltr'><strong>non</strong></span> <span class='ocrx_word' id='word_1_491' title='bbox 2506 4226 2671 4280; x_wconf 81' lang='lat' dir='ltr'><strong>totum</strong></span> <span class='ocrx_word' id='word_1_492' title='bbox 2688 4222 2781 4277; x_wconf 67' lang='lat' dir='ltr'><strong>&#39;ia-</strong></span> 
     </span>
    </p>
   </div>
  </div>
 </body>
</html>
