3200 4934
399 407 455 462 s.
477 409 540 459 c.
563 405 676 472 ει]

1122 397 1533 450 Amnum!
1581 397 1726 448 Ltn.
1774 397 1920 450 xil.

2438 384 2613 452 134⁷

1408 625 1631 680 NOTAE

409 773 602 832 m
622 782 880 832 mmm.
943 767 1026 818 Ex
1043 767 1156 832 quis
1175 779 1298 818 vere
1317 767 1476 819 corri-

411 846 612 908 gesstn's
629 845 828 907 piscium
845 845 1090 896 inanimem
1103 845 1308 896 Pontum
1325 861 1476 896 συη-

406 935 540 985 pens.
592 921 680 971 Ita
701 921 909 972 seilicet
931 936 1014 971 res
1035 929 1134 972 est.
1193 921 1358 986 Copia
1377 922 1481 971 ista

413 994 646 1063 piscium,
663 997 998 1062 (Pelamydes
1011 995 1156 1064 sunt)
1169 1013 1268 1048 non
1285 999 1480 1049 intran-

414 1081 498 1125 tes
519 1089 550 1124 e
569 1074 702 1124 mari
725 1074 899 1138 AEgseo
921 1073 1166 1138 Pontum,
1187 1081 1248 1124 nt
1269 1076 1480 1138 vulgata

406 1141 572 1200 lectio
593 1149 796 1212 suadet,
818 1149 908 1200 sed
931 1156 1182 1200 exeuntes
1211 1165 1480 1215 erumpen-

415 1219 602 1294 ‘tesqne
624 1230 918 1293 capiuntur.
986 1229 1195 1280 Foetura
1224 1230 1362 1280 enim
1396 1243 1482 1279 eo-

417 1318 532 1354 rum
568 1305 622 1352 in
661 1305 932 1370 paludibus
965 1305 1232 1356 Moeotidis
1263 1311 1377 1368 est3
1407 1311 1484 1356 at-

419 1395 520 1446 que
541 1381 662 1432 inde
681 1381 866 1440 adulti,
887 1395 1048 1446 grege
1071 1379 1230 1444 facto,
1253 1381 1482 1431 Pontum

417 1455 900 1524 Propontidemque
943 1456 1169 1508 intrant:
1216 1463 1376 1522 atque
1413 1455 1485 1506 ibi

419 1539 657 1596 captura.

483 1607 673 1659 Strabo
695 1608 835 1658 clare
872 1608 910 1657 1.
937 1621 1037 1657 vn.
1072 1621 1228 1672 super
1252 1605 1350 1656 linc
1373 1605 1488 1671 ipsa

419 1697 476 1733 re
500 1691 659 1746 atque
681 1685 826 1746 pisce
847 1699 860 1732 ε
894 1685 909 1711 ‘
931 1681 1183 1734 Nascitur
1207 1681 1368 1746 igitur
1383 1681 1489 1730 ani·

417 1759 548 1820 mal,
583 1757 912 1824 (Pelamydens
933 1757 1226 1824 intelligit,)
1262 1759 1314 1809 in
1351 1759 1490 1822 palu-

420 1835 576 1885 dibus
605 1835 886 1900 Meotidis,
909 1841 965 1886 et
999 1851 1116 1886 cum
1138 1837 1348 1904 paulum
1369 1834 1490 1884 ado·

419 1909 628 1969 luerit,
646 1909 870 1973 erumpit
889 1925 986 1974 per
1007 1911 1195 1961 ostium
1215 1909 1488 1975 gregatim,

425 1991 481 2035 et
501 1983 740 2035 defertur
763 1984 827 2033 ad
851 1985 1001 2036 littus
1024 1985 1338 2046 Asiaticum,
1357 1987 1488 2036 Tra-

423 2067 697 2126 pezuntem
721 2067 776 2109 et
793 2059 1134 2110 Pharnaciam
1158 2060 1358 2126 usque.'

487 2135 563 2185 Et
603 2135 760 2198 paulo
799 2141 918 2198 post
940 2151 952 2184 z
1005 2137 1022 2164 ⁸
1046 2135 1326 2202 Postquam
1372 2148 1494 2185 vero

415 2201 526 2275 jam
547 2209 791 2275 pervenit
813 2209 880 2259 ad
904 2211 1157 2274 Cyaneas,
1179 2219 1236 2262 et
1257 2211 1396 2276 ipsas
1415 2225 1496 2260 su-

426 2287 657 2350 peravit,
677 2301 744 2334 ex
761 2286 1220 2337 chalcedoniorum
1241 2287 1356 2351 ripa
1370 2285 1496 2338 inci-

428 2361 558 2412 dens
618 2368 772 2426 petra
821 2361 1055 2426 quiedam
1099 2363 1218 2413 alba
1263 2368 1496 2412 exterret

429 2437 716 2487 animantes
735 2453 752 2498 ς
783 2437 858 2487 ita
880 2437 1131 2489 utstatim
1154 2440 1205 2488 in
1225 2439 1494 2489 adversam

429 2527 572 2566 oram
613 2529 670 2563 se
711 2520 1037 2564 convertant.
1123 2516 1193 2566 Et
1235 2515 1309 2566 lbi
1353 2513 1498 2564 fluxu

429 2589 586 2642 maris
625 2589 968 2652 secundante,
1005 2589 1154 2640 simul
1190 2605 1308 2640 eum
1346 2591 1498 2653 loeis,

429 2665 524 2732 ,qni
543 2680 636 2716 sua
658 2673 842 2714 natura
861 2665 1100 2732 ultroque
1118 2665 1400 2732 profluenti
1422 2667 1502 2717 illi

429 2741 712 2804 opportuni
736 2747 877 2804 sunt,
909 2739 1153 2791 adversus
1173 2743 1505 2807 Byzantium,

433 2823 488 2866 et
503 2816 642 2880 quod
656 2830 820 2880 prope
838 2823 916 2865 est
933 2821 1358 2882 promontorium,
1365 2817 1502 2868 flexo

434 2907 702 2958 pronoque
725 2893 814 2943 illo
843 2891 1040 2944 fluento
1061 2895 1336 2958 undarum,
1355 2902 1504 2946 natu·

434 2967 618 3034 saliter
637 2968 740 3018 linc
761 2970 1058 3034 irrumpunt
1080 2971 1269 3034 pisces,
1294 2979 1350 3021 et
1369 2986 1505 3036 prae·

435 3041 567 3094 bent
605 3043 874 3108 Bynsntiis
937 3045 1234 3110 populoque
1271 3047 1504 3097 Romano

432 3120 692 3184 ‘insignem
723 3120 989 3172 reditum-⁹

503 3197 806 3261 Eademque
847 3213 916 3248 ex
967 3196 1252 3248 Aristotele
1292 3198 1505 3262 colliges

440 3273 480 3324 l.
501 3285 630 3326 vul.
667 3273 736 3322 de
773 3273 988 3324 historia
1021 3273 1313 3323 animalium
1347 3288 1397 3323 c.
1426 3275 1506 3324 1⁸.

441 3348 670 3398 Pliniani
693 3349 889 3398 codicis
911 3349 1152 3398 mendam
1175 3363 1276 3399 non
1298 3349 1424 3399 sileo
1453 3349 1507 3398 in

441 3425 541 3476 bac
558 3425 872 3488 narratione,
893 3425 926 3475 l.
945 3437 1026 3474 ιι.
1053 3430 1135 3476 15.
1171 3426 1187 3453 ‘
1213 3425 1311 3474 Est
1332 3426 1388 3474 in
1410 3427 1510 3474 Eu·

443 3502 592 3568 ripo,’
618 3503 712 3564 ait,
735 3504 752 3532 ⁶
775 3503 984 3552 Thracii
1014 3503 1286 3566 Bosphori,
1311 3504 1362 3552 in
1387 3502 1512 3567 ipsis

449 3579 704 3644 Europam
741 3579 1024 3644 Asiamque
1063 3581 1352 3644 separantis
1385 3577 1514 3633 freti

449 3656 718 3719 angustiis,
742 3671 924 3706 saxum
945 3655 1064 3704 miri
1087 3655 1343 3718 candoris,
1375 3669 1408 3704 a
1429 3669 1514 3704 va·

440 3727 517 3778 'do
539 3730 604 3779 ad
627 3745 822 3780 summa
843 3733 1138 3795 perlucens,
1165 3732 1326 3796 juxta
1363 3731 1513 3780 Chal·

449 3805 698 3856 cedonem
736 3809 786 3856 in
824 3808 988 3857 latere
1025 3806 1182 3857 Λεία.
1251 3807 1424 3872 Hujus
1460 3821 1511 3856 a·

444 3893 634 3949 spectu
657 3895 874 3948 repente
895 3885 1085 3944 territi,
1101 3898 1311 3950 semper
1332 3884 1516 3934 adver-

449 3975 564 4010 sum
604 3961 842 4024 Byzantii
887 3961 1310 4024 promontorium,
1349 3975 1416 4008 ex
1453 3972 1518 4007 ea

451 4051 610 4086 causa
629 4037 944 4100 appellatum
959 4039 1318 4102 Chrysoceras,
1335 4035 1518 4100 praeci·

447 4111 554 4178 piti
599 4118 786 4175 petunt
827 4114 1051 4178 agmine.
1126 4115 1316 4178 Itaque
1359 4112 1520 4162 omnis

453 4193 674 4251 captura
693 4189 931 4252 Byzantii
965 4196 1068 4252 est,
1103 4203 1289 4252 magna
1309 4187 1521 4237 Chalce-

453 4261 606 4316 donis
645 4263 880 4329 penuria.
945 4264 1309 4331 Opperiuntur
1346 4267 1520 4313 autem

1557 765 1827 830 Aquilonis
1858 762 2061 826 flatum,
2090 767 2153 814 ut
2192 761 2421 813 secundo
2454 759 2621 812 fluctu

1558 847 1751 893 exeant
1781 856 1810 890 e
1844 841 2052 892 Ponto:
2094 853 2193 889 nec
2230 838 2328 888 nisi
2364 837 2622 888 intrantes

1557 917 1805 980 Pontum,
1830 916 2070 980 Byzantii
2092 913 2405 980 capiuntur.'
2445 912 2623 964 Quid?

1557 1008 1663 1044 non
1704 993 2007 1058 capiuntur,
2046 992 2146 1040 nisi
2188 992 2443 1041 intrantes
2490 989 2627 1040 Pon-

1557 1071 1709 1121 tum?
1746 1075 1931 1119 eontra
1955 1076 2075 1120 ante
2098 1067 2253 1132 dixit,
2284 1067 2403 1132 capi
2436 1079 2629 1117 exeun·

1558 1153 1641 1197 tes
1664 1162 1693 1198 e
1711 1145 1905 1208 Ponto,
1936 1159 2039 1197 non
2061 1145 2315 1196 intrantes
2334 1160 2349 1192 a
2384 1143 2525 1209 quod
2547 1157 2630 1193 ve-

1558 1223 1818 1274 rissimum
1840 1229 1941 1274 est.

1626 1297 1815 1363 Itaque
1838 1297 1926 1347 alii
1949 1297 2063 1348 viee
2102 1297 2262 1348 Ponti
2288 1295 2629 1361 Propontido-

1562 1374 1919 1436 substitnunt3
1952 1375 2236 1424 Pincianus
2263 1379 2429 1423 totum
2459 1373 2629 1424 locum

1564 1451 1810 1502 rescribit
1828 1449 2193 1514 confidentius,
2208 1464 2292 1499 nec
2312 1448 2407 1498 nisi
2424 1445 2635 1509 iuvantes

1563 1532 1676 1578 tuno
1700 1528 1935 1592 Byzantii
1950 1527 2220 1592 capiuntur.
2288 1525 2529 1575 Fortasse
2547 1537 2634 1574 ve-

1567 1605 1693 1668 rius,
1714 1605 1990 1669 simplicius
2013 1609 2179 1664 certe,
2198 1601 2431 1652 intrantes
2444 1605 2637 1664 portum

1563 1677 1818 1746 Byzantii,
1854 1687 1915 1729 ut
1936 1679 2001 1730 ad
2026 1679 2191 1743 ipsum
2213 1675 2463 1742 oppidum
2486 1680 2542 1727 et
2580 1675 2637 1726 in

1565 1764 1727 1822 portu
1744 1755 1903 1806 fuerit
1925 1771 1987 1806 ea
2008 1761 2246 1819 captura.

1636 1833 1773 1883 Nam
1795 1847 1959 1883 cornu
1990 1827 2142 1894 iliud,
2164 1827 2230 1879 ad
2262 1827 2401 1894 quod
2432 1824 2638 1879 desere·

1567 1909 1780 1972 bantur,
1823 1907 1927 1958 fuit
1982 1903 2219 1972 *peremis
2269 1907 2340 1966 τῷ·
2396 1902 2639 1968 Βυζαντίῳ

1565 1983 1721 2048 τείχει
1741 2002 1755 2035 =
1792 1986 1847 2035 id
1872 1991 1970 2046 est,
1988 1983 2260 2046 contiguum
2277 1981 2511 2048 Byzantii
2529 1995 2640 2030 sne-

1567 2061 1727 2124 nibus,
1764 2066 1828 2110 ut
1862 2059 2047 2110 Strabo
2090 2058 2191 2108 ait:
2230 2057 2405 2118 immo,
2438 2062 2500 2105 ut
2532 2055 2641 2104 Pli-

1573 2136 1708 2200 nius,
1738 2136 1791 2186 in
1822 2135 1936 2200 ipso
1974 2135 2063 2184 illo
2102 2130 2477 2198 promontorio,
2502 2131 2643 2195 quod

1577 2213 1753 2264 Cornu
1772 2217 1980 2273 vocant,
2011 2209 2321 2274 Byzantium
2342 2206 2482 2257 urbs.
2546 2203 2645 2256 At·

1575 2303 1677 2356 que
1710 2287 1783 2339 ibi
1803 2288 1861 2338 in
1880 2287 2069 2336 multos
2092 2285 2231 2334 sinus
2266 2283 2500 2343 scissum,
2532 2287 2645 2331 tan·

1575 2378 1732 2430 quam
1755 2375 1944 2426 ramos,
1967 2359 2032 2412 tls
2052 2359 2131 2410 οὓς
2163 2358 2458 2422 Caris-roveri
2486 2356 2520 2418 ἡ
2548 2361 2647 2416 un-

1573 2439 1729 2502 λαμὺς
1750 2437 2015 2503 hiemat,
2052 2437 2114 2488 Ia
2146 2451 2257 2502 quos
2287 2448 2529 2498 erumpens
2552 2433 2647 2483 Pe-

1573 2519 1727 2584 temys
1758 2517 1963 2580 eapitur,
1999 2513 2231 2566 faciebat
2264 2511 2383 2562 urbi
2418 2509 2496 2560 illi
2530 2523 2651 2575 por-

1577 2599 1707 2643 tum.
1774 2591 2079 2641 Strabonem
2100 2588 2238 2639 vide.

1645 2668 1731 2719 Au
1765 2668 2143 2720 correctionem
2176 2672 2407 2717 nostram
2446 2669 2503 2714 et
2543 2661 2652 2713 exi-

1579 2751 1693 2796 tum
1715 2743 1935 2810 piscium
1958 2757 1989 2793 e
2011 2742 2205 2802 Ponto,
2222 2741 2350 2790 facit
2372 2739 2523 2791 valde
2541 2739 2653 2789 Sal-

1581 2821 1727 2871 lustii
1768 2821 1932 2883 locus,
1971 2817 2111 2883 apud
2148 2817 2382 2868 Servium
2413 2815 2451 2866 l.
2481 2828 2561 2865 tv.
2595 2819 2655 2864 et

1583 2896 1852 2949 Juvenalis
1884 2895 2225 2959 interpretem
2257 2892 2369 2944 Sat.
2392 2905 2465 2942 ιν.
2494 2890 2513 2917 ‘
2535 2890 2657 2941 Qua

1584 2979 1905 3036 tempestate
1941 2971 2160 3036 piscium
2204 2969 2283 3019 vis
2326 2968 2500 3018 Ponto
2537 2979 2655 3015 eru·

1585 3047 1702 3113 pit.’
1766 3049 1980 3112 Tamen,
2018 3061 2084 3098 ne
2107 3045 2297 3098 callide
2320 3043 2655 3106 dissimulem,

1585 3125 1845 3190 vulgatam
1868 3125 2146 3175 lectionem
2169 3124 2239 3173 D.
2258 3119 2563 3171 Ambrosius
2584 3115 2660 3170 af·

1583 3200 1793 3252 firmare
1817 3199 2041 3261 videtur,
2064 3201 2290 3249 Hexam.
2314 3209 2369 3244 v.
2394 3199 2475 3245 10.
2503 3194 2519 3220 ‘
2542 3191 2661 3240 Pis-

1587 3278 1711 3341 ces,'
1748 3278 1939 3342 inquit,
1970 3279 1985 3305 ⁶
2004 3289 2071 3325 ex
2106 3272 2337 3339 plurimis
2360 3270 2505 3331 locis,
2528 3282 2559 3316 a
2579 3265 2661 3316 di·

1589 3369 1742 3404 verso
1786 3354 1899 3404 sinn
1955 3351 2132 3410 maris,
2186 3345 2460 3406 innumeri,
2514 3342 2659 3394 velut

1591 3431 1848 3482 communi
1888 3425 2101 3478 consilio
2126 3423 2519 3482 convenientes,
2538 3432 2661 3468 con·

1583 3507 1773 3572 juncto
1816 3505 2017 3570 agmine
2061 3500 2211 3551 flatus
2264 3495 2531 3562 Aquilonis
2571 3507 2661 3560 pe·

1596 3589 1734 3646 tunt,
1772 3589 1828 3631 et
1874 3581 1940 3630 ad
1982 3577 2110 3629 illud
2156 3571 2662 3638 Septemtrionalium

1591 3673 1739 3708 mare
1774 3657 2023 3721 partium,
2059 3651 2277 3719 quadam
2302 3659 2499 3700 naturae
2522 3649 2661 3712 lege,

1592 3734 1930 3785 contendunt·
2012 3731 2189 3791 Dicas,
2232 3728 2275 3777 si
2319 3725 2661 3776 ascendeutes

1593 3810 1793 3874 videas,
1830 3811 2040 3860 rheuma
2085 3804 2339 3872 quoddam
2385 3815 2537 3852 esse:
2586 3799 2664 3849 ita

1595 3895 1867 3953 proruunt,
1885 3885 2177 3950 fluctusque
2208 3883 2547 3937 intersecant,
2568 3885 2667 3937 per

1597 3963 1979 4029 Propontidem
2030 3962 2083 4011 in
2130 3961 2388 4010 Euxinum
2434 3953 2665 4004 Pontum

1598 4040 1826 4089 violento
1870 4039 2071 4102 impetu
2122 4030 2475 4098 profluentes:
2558 4023 2667 4074 seu

1599 4131 1719 4165 moa
1746 4114 1908 4173 addit,
1930 4115 2202 4176 ingruente
2224 4107 2429 4170 hyeme,
2450 4107 2504 4151 et
2524 4107 2667 4166 post·

1599 4205 1753 4256 quam
1775 4189 1847 4240 ibi
1867 4183 2275 4244 foetificaverint,
2306 4179 2556 4230 immenso
2576 4191 2667 4244 ag-

1599 4265 1739 4316 mine
1760 4263 1987 4326 regredi.
2039 4257 2175 4309 Vide
2191 4257 2381 4320 locum,
2394 4260 2453 4305 et
2473 4259 2665 4305 utram·
