3200 4934
527 318 701 405 13⁵4
1219 350 1284 396 o.
1329 348 1695 399 continu
1736 350 1995 401 'raom

2400 358 2495 425 [Α.
2518 358 2591 412 u.
2612 363 2731 412 sos.

1529 552 1741 605 NOTAE

529 690 706 727 ronem
747 690 896 725 suum
938 681 1199 740 certaret;
1239 691 1366 743 ergo
1405 678 1590 729 eadem

529 758 611 804 est
629 752 856 815 famina,
879 768 996 817 qum
1017 762 1238 819 utroque
1259 756 1376 806 loco
1396 754 1544 807 vivit.

595 826 800 878 Habuit
835 830 1090 893 Domitia,
1108 830 1174 880 de
1211 845 1315 895 qua
1349 832 1450 895 bic,
1493 848 1590 897 per

529 902 822 953 Calabriam
867 905 1062 968 proedia
1102 913 1159 956 et
1197 920 1462 959 servorum
1502 924 1590 973 ag-

529 980 697 1043 mina;
729 988 786 1031 et
830 982 930 1031 hue
977 984 1208 1047 respexit
1244 984 1351 1034 Dio
1394 986 1430 1036 1.
1469 999 1590 1037 uxr.

529 1070 646 1107 cusu
670 1056 770 1109 ait:
790 1056 980 1107 ‘Bonis
1001 1058 1133 1122 esus,
1153 1058 1448 1128 (Domitiae)
1470 1078 1588 1127 quse

527 1132 692 1199 Baiis,
733 1143 793 1186 et
835 1137 888 1186 ia
929 1140 1056 1189 mari
1095 1140 1388 1192 Ravennati
1425 1149 1593 1207 erant,

529 1209 737 1275 ablatis,
757 1213 1030 1277 magnifica
1051 1214 1106 1265 in
1139 1217 1202 1267 iis
1234 1216 1436 1281 pradis
1470 1233 1592 1271 eon-

529 1288 724 1339 struxit
757 1290 898 1340 Nero
911 1290 946 1342 τ’
979 1298 1034 1342 et
1068 1298 1191 1344 tunc
1225 1301 1450 1345 mortem
1480 1297 1593 1361 ejus

528 1363 796 1429 describit,
817 1381 919 1416 nou
942 1382 1067 1419 vero
1101 1382 1164 1419 eo
1197 1369 1298 1421 loci
1335 1379 1428 1423 aut
1462 1378 1623 1423 tem-.

530 1438 687 1503 poris,
707 1456 809 1506 quo
835 1443 1125 1494 testimonio
1149 1446 1372 1497 Neronis
1395 1446 1594 1500 afflicta

527 1522 626 1565 est.
691 1516 882 1583 Itaque
901 1520 1084 1571 eadem
1104 1522 1338 1574 Domitia
1359 1532 1459 1586 est,
1477 1538 1593 1590 qum

528 1590 629 1655 hic,
651 1592 685 1644 1.
711 1606 838 1657 ιιι,
872 1603 1189 1664 exterretur,
1225 1606 1282 1653 et
1317 1616 1436 1665 quae
1460 1602 1596 1653 vive-

531 1669 625 1720 bat
645 1670 814 1721 adbuc
836 1672 873 1724 1.
895 1684 1021 1723 xm.

593 1747 665 1797 Et
686 1756 852 1811 certe,
876 1750 920 1799 si
941 1748 1162 1802 fuissent
1182 1754 1301 1804 dum
1326 1755 1595 1819 Domitia,

529 1834 620 1870 sen
643 1821 760 1871 duoe
781 1824 954 1873 amitu-
993 1825 1233 1891 Neronis,
1263 1828 1398 1879 baud
1437 1828 1596 1881 dubie

531 1896 712 1961 aliquis
749 1898 994 1949 horumce
1031 1909 1302 1953 auctorum
1336 1903 1596 1954 distinxis-

529 1978 612 2021 set
631 1986 738 2035 eas,
757 1980 817 2022 ut
837 1974 889 2024 iu
913 1981 1065 2025 tanta
1081 1976 1392 2027 claritudine
1407 1978 1596 2043 gentis,

531 2049 616 2098 vel
655 2050 866 2113 proprio
901 2052 1133 2115 nomine,
1171 2053 1256 2103 vei
1293 2060 1474 2118 aetate,
1504 2054 1594 2105 vel

531 2123 738 2173 nomine
761 2126 952 2190 mariti,
973 2134 1032 2177 ut
1053 2128 1187 2182 solet
1208 2130 1422 2181 historia
1443 2132 1594 2183 Rom.

530 2198 616 2248 vel
659 2198 832 2264 aliqua
885 2202 988 2251 alia
1037 2204 1447 2271 circumstantia,
1491 2220 1596 2271 qua

527 2272 768 2337 dignosci
790 2274 1012 2328 invicem
1028 2286 1258 2344 possent.

596 2348 671 2399 At
691 2349 912 2402 dixisset
930 2354 1143 2403 Tacitus
1161 2356 1412 2419 hocloco,
1433 2355 1469 2407 1.
1493 2369 1596 2407 ιιι.

531 2436 635 2473 nou
653 2422 814 2475 fuisse
836 2426 1166 2479 interfectam
1186 2430 1490 2493 Domitiam,
1503 2430 1599 2481 sed

537 2508 736 2551 tantum
775 2504 826 2553 ei
869 2501 1030 2555 fuisse
1073 2504 1320 2555 indictam
1357 2512 1597 2557 mortem.

535 2576 695 2627 Certe
717 2593 802 2629 res
825 2580 1054 2631 breviter
1074 2583 1352 2647 exequitur
1369 2584 1602 2649 Tacitus,

533 2657 590 2703 et
611 2650 908 2707 sufficiebat
927 2656 1346 2721 Tacito,d11isse
1379 2666 1598 2713 mortem

535 2724 586 2776 ei
609 2726 888 2780 indictam·
873 2746 1130 2798 ·cumque
1153 2734 1277 2785 nihil
1299 2736 1442 2786 aliud
1464 2751 1600 2801 prm·

535 2810 680 2855 terea
721 2805 998 2873 addiderit,
1041 2810 1170 2861 satis
1221 2811 1420 2863 indicat
1473 2811 1598 2879 quid

535 2878 679 2933 velit.

601 2954 874 3007 Praeterea
889 2956 1182 3012 sufficiebat
1199 2961 1268 3027 ei,
1288 2962 1488 3015 dixisse
1509 2965 1599 3019 ad·

535 3038 796 3083 versatum
833 3048 946 3084 esse
985 3037 1285 3089 Narcissum
1323 3041 1420 3091 taii
1449 3042 1599 3091 savi-

533 3104 644 3170 tine,
679 3121 798 3157 cnm
837 3108 892 3158 in
923 3110 1094 3162 animo
1134 3113 1352 3166 baberet
1385 3114 1600 3167 Tacitus

535 3196 788 3251 peragere
809 3184 1068 3238 historiam
1105 3188 1325 3241 foeminoe
1363 3194 1606 3259 sequenti

535 3258 688 3325 libro,
707 3277 774 3312 ex
799 3278 900 3327 qua
931 3279 1118 3330 nempe
1141 3267 1282 3317 clare
1304 3282 1602 3332 agnoscere·

538 3344 642 3399 tur,
655 3338 842 3388 vixisse
860 3340 1148 3393 Domitiam
1161 3344 1380 3395 eandem
1399 3354 1599 3410 postea.

601 3412 828 3466 Mortem
849 3414 1000 3481 hujus
1027 3418 1277 3471 Domitia
1299 3420 1604 3473 describunt

535 3488 816 3543 Suetonius
839 3502 894 3545 et
932 3496 1041 3546 Dio
1069 3499 1312 3561 sequenti
1347 3505 1603 3563 tempore,

537 3567 628 3618 sed
652 3569 812 3620 altum
831 3571 953 3621 silet
973 3572 1188 3623 Tacitus
1208 3574 1278 3623 de
1298 3574 1396 3625 bac
1417 3584 1603 3627 morte.

535 3641 698 3693 Forte
737 3646 860 3709 quia
901 3646 1169 3710 vulgatum
1209 3648 1338 3699 iilud
1386 3652 1603 3715 crimen,

538 3717 660 3769 odio
686 3718 911 3770 Neronis
922 3722 1036 3786 jam
1055 3726 1340 3789 parricidio
1373 3726 1603 3792 infamis,

540 3795 681 3860 quod
699 3810 804 3846 non
844 3804 1016 3848 tamen
1053 3801 1180 3851 satis
1213 3805 1488 3865 probatum
1511 3812 1603 3856 aut

540 3881 899 3936 compertum;
930 3883 989 3925 et
1025 3876 1152 3925 talia
1174 3877 1314 3941 vulgi
1346 3891 1442 3941 pro
1471 3892 1606 3929 sum·

536 3960 622 3997 mo
645 3962 738 3997 suo
765 3947 985 4014 judicio,
1007 3958 1066 3999 ut
1087 3951 1290 4005 incerta
1319 3958 1412 4001 aut
1445 3954 1604 4005 etiam

541 4030 726 4089 aperte
747 4022 880 4076 falsa
911 4026 1188 4091 rejiciebat
1216 4028 1605 4096 spernebatque

541 4098 780 4151 Tacitus.
849 4102 986 4151 Nam
1007 4102 1240 4165 quamvis
1255 4104 1472 4166 jusserit
1491 4104 1608 4157 irri-

543 4171 672 4225 deus
693 4178 859 4242 Nero,
875 4174 1135 4229 foeminam
1151 4176 1346 4245 largius
1377 4183 1609 4251 purgari,

1666 692 1771 727 non
1808 678 1929 729 exin
1950 678 2185 745 sequitur
2216 676 2376 731 finisse
2398 679 2733 735 interfectam

1666 767 1699 803 a
1720 756 1945 805 Nerone.

1734 830 1847 879 Nisi
1871 828 2006 880 forte
2024 829 2235 882 Tacitus
2256 838 2475 881 mortem
2504 832 2614 897 ejus
2646 833 2736 885 de·

1667 903 1977 967 scripsisset,
2014 920 2337 971 quocumque
2362 908 2513 957 modo
2546 922 2735 959 evene-

1669 979 1758 1042 rit,
1780 981 1831 1029 in
1856 980 2001 1031 libris
2039 982 2128 1046 qui
2168 982 2403 1046 periere:
2437 980 2575 1032 forte
2613 998 2734 1037 cum

1668 1054 1737 1105 ud
1777 1056 2001 1121 inopiam
2042 1058 2283 1108 redactus
2322 1068 2460 1108 esset
2507 1060 2634 1109 luxu
2678 1065 2735 1111 et

1670 1132 2000 1197 prodigentia
2020 1135 2183 1199 Nero,
2212 1142 2271 1185 et
2303 1133 2531 1201 undique
2564 1148 2738 1185 corra-

1671 1208 1823 1257 deret
1860 1210 2126 1274 pecunias,
2164 1211 2371 1259 amitam
2410 1210 2740 1274 opulentissi-

1672 1299 1808 1334 mam
1840 1284 2126 1349 interfecit,
2164 1292 2225 1335 ut
2258 1286 2393 1335 bona
2430 1284 2541 1351 ejus
2585 1298 2737 1336 occu·

1674 1368 1858 1424 paret3
1888 1376 2006 1411 uam
2028 1368 2081 1412 et
2116 1375 2293 1412 omnes
2314 1376 2441 1426 opes
2465 1360 2597 1426 ejus,
2615 1376 2737 1425 sup-

1676 1450 1851 1501 presso
1883 1438 2042 1489 etiam
2078 1445 2409 1500 testamento,
2440 1437 2651 1503 invasit,
2678 1451 2738 1489 ne

1672 1513 1786 1579 quid
1804 1512 2088 1578 abscederet,
2104 1521 2241 1565 teste
2260 1516 2475 1566 Sueton.

1738 1591 1982 1656 Danieia]
2017 1594 2137 1643 Non
2159 1594 2323 1643 solum
2347 1592 2606 1641 aemulatio
2626 1592 2739 1641 Do-

1674 1668 1836 1719 mitia}
1858 1667 2105 1719 adversus
2129 1667 2491 1733 Agrippinam,
2512 1668 2603 1719 sed
2624 1682 2740 1733 gra-

1676 1743 1939 1793 vissimum
1962 1751 2017 1793 et
2050 1744 2273 1808 capitale
2307 1744 2481 1793 odium
2516 1743 2740 1805 exarsit;

1675 1819 1753 1869 ita
1773 1824 1831 1869 ut
1852 1818 2215 1883 Agrippinam,
2230 1834 2345 1869 cum
2366 1820 2523 1869 rebus
2545 1826 2601 1869 et
2618 1818 2743 1869 auia

1674 1900 1852 1944 amota
1888 1902 2048 1955 esset,
2086 1894 2327 1957 perdere,
2360 1901 2417 1943 et
2436 1893 2533 1958 ipsi
2570 1894 2743 1945 vicem

1672 1970 1823 2021 exitii
1844 1969 2067 2022 reddere
2090 1972 2313 2021 voluerit
2334 1972 2583 2021 Domitia.
2629 1970 2743 2022 Ita-

1672 2060 1775 2113 que
1816 2062 1932 2097 cum
1981 2051 2372 2111 suspectui-etur
2425 2046 2745 2111 Agrippina,

1673 2122 1995 2187 conspirasse
2016 2136 2134 2171 cum
2156 2120 2369 2172 Plautio
2392 2122 2457 2170 dc
2494 2120 2745 2171 invaden-

1673 2197 1744 2247 da
1788 2210 1961 2247 rursus
2000 2196 2209 2261 Repub.
2247 2196 2463 2247 immisit
2505 2197 2746 2247 Domitia

1674 2270 1927 2323 Paridem
1948 2272 2187 2323 libertum
2210 2286 2380 2337 suum,
2402 2279 2463 2324 ut
2476 2278 2747 2325 accusaret

1675 2363 1793 2401 eam
1812 2349 1955 2414 apud
1977 2350 2261 2399 Neronem.

1737 2428 1827 2478 Sic
1848 2426 1977 2477 Tac.
2000 2438 2129 2477 xm.
2156 2430 2237 2475 19.
2269 2426 2285 2455 ‘
2302 2426 2434 2477 Hac
2467 2424 2663 2477 Iturius
2684 2431 2745 2478 et

1676 2502 1933 2555 Calvisius
1962 2501 2196 2552 Atimeto
2227 2502 2479 2552 Domitio
2518 2502 2744 2555 Neronis

1678 2578 1853 2629 amita
1894 2574 2086 2628 liberto
2124 2577 2386 2641 aperiunt.
2452 2577 2555 2629 Qui
2588 2579 2742 2631 laetus

1679 2654 1871 2705 oblatis
1905 2654 2125 2720 (quippe
2156 2654 2293 2704 inter
2323 2653 2665 2719 Agrippinam
2685 2660 2745 2703 et

1678 2730 1968 2782 Domitiam
2001 2728 2205 2781 infensa
2236 2730 2499 2779 emulatio
2531 2741 2745 2780 exerce-

1680 2804 1861 2869 batur)
1882 2804 2129 2855 Paridem
2149 2805 2477 2867 histrionem,
2496 2806 2745 2857 libertum

1678 2888 1736 2932 et
1768 2880 1939 2945 ipsum
1972 2880 2245 2945 Domitiae,
2268 2881 2493 2945 impulit,
2528 2881 2608 2931 ire
2631 2894 2748 2945 pro-

1678 2970 1826 3023 pere,
1842 2956 2143 3021 crimenque
2163 2958 2415 3008 atrociter
2436 2954 2677 3009 deferre!

1746 3034 1865 3087 Qua
1894 3035 2245 3098 accusatione,
2266 3048 2367 3100 quo
2388 3046 2527 3094 casn,
2560 3046 2747 3099 parum

1680 3108 1849 3162 abfuit
1899 3110 2025 3178 quin
2068 3110 2394 3162 occideretur
2455 3108 2747 3175 Agrippina

1680 3189 1841 3239 etiam
1874 3187 2125 3239 inaudita.
2194 3190 2327 3237 Nam
2358 3186 2376 3215 ⁸
2398 3188 2541 3237 Nero
2584 3185 2747 3250 trepi-

1680 3264 1797 3328 dus,
1818 3271 1875 3315 et
1909 3262 2285 3315 interficienda
2326 3264 2507 3313 matris
2546 3262 2748 3327 avidus,

1680 3354 1783 3391 non
1826 3340 1970 3405 prius
2002 3338 2204 3391 differri
2224 3340 2415 3405 potuit,
2436 3352 2590 3403 quam
2612 3338 2747 3388 Bur·

1682 3418 1803 3468 rbus
1822 3432 2005 3469 necem
2024 3418 2137 3483 ejus
2157 3412 2520 3481 promitteret‚'
2540 3417 2641 3463 etc.

1746 3493 1825 3545 At
1865 3492 2002 3543 unde
2038 3498 2239 3543 tantum
2272 3490 2446 3539 odium
2494 3487 2745 3540 Domitia

1681 3568 1929 3620 adversus
1948 3566 2323 3631 Agrippinum
2355 3564 2453 3614 nisi
2473 3564 2595 3631 quia
2628 3578 2746 3617 eam

1681 3645 1905 3711 perdere
1936 3644 2059 3695 oiim
2080 3642 2333 3705 voluerat,
2360 3654 2459 3691 nec
2496 3654 2593 3705 per
2628 3654 2746 3693 eam

1680 3728 1921 3784 steterat,
1960 3720 2087 3787 quin
2138 3717 2372 3769 Domitia
2414 3718 2747 3769 occideretur

1680 3799 1777 3850 sub
1816 3796 2048 3849 Claudio.
2114 3796 2272 3847 Patet
2304 3794 2463 3845 etiam
2502 3810 2653 3847 uuam
2690 3801 2748 3846 et

1680 3874 1899 3925 eandem
1921 3871 2079 3923 fuisse
2108 3872 2375 3923 nemim
2394 3872 2671 3938 utrobique
2690 3870 2745 3922 in

1680 3951 1795 4003 istis
1816 3949 2031 4000 diversis
2049 3949 2217 4001 Taciti
2246 3949 2393 4010 locis,
2414 3951 2536 4015 quia
2558 3962 2747 4014 nempe

1680 4029 1778 4081 boc
1798 4029 1933 4087 loco,
1966 4028 2003 4077 1.
2036 4039 2141 4078 ιιι.
2182 4026 2433 4077 describit
2466 4025 2746 4077 Domitiam

1682 4108 1989 4173 bip-dicum,
2022 4102 2269 4169 int'mss,
2296 4107 2383 4169 ξε.
2413 4102 2655 4154 similiter
2687 4106 2748 4153 et

1683 4194 1801 4233 eam
1842 4180 2081 4251 ἀορίιςὶι
2116 4192 2245 4232 xm.
2288 4181 2371 4231 20.
2410 4178 2609 4231 ‘Nune
2648 4188 2743 4243 per
