3200 4934
1162 420 1575 473 Anxanum
1625 424 1774 477 mn.
1819 422 1964 475 ιιι.
2476 412 2648 485 1141

536 567 648 633 25.
694 562 879 631 Nero
918 565 1261 631 Domitius
1295 586 1338 631 a
1363 565 1651 631 Claudio
1677 566 2030 651 adoptatur
2066 570 2456 637 auctoritate
2485 570 2650 639 Pal-

451 670 677 735 lantis.
782 668 891 734 26.
954 668 1383 733 Britannicus
1428 669 1810 752 depressus.
1924 670 2034 735 27.
2076 671 2190 737 28.
2233 670 2516 737 Colonia
2567 676 2644 739 in

456 769 673 833 Ubios
716 770 1019 834 deducta.
1108 768 1285 835 Catti
1312 770 1664 835 latrocinia
1711 773 2034 853 agitantes
2079 772 2448 839 vincuntur.
2533 774 2644 843 29.

448 871 559 936 30.
602 869 913 934 Vannius
940 870 1307 935 Suevorum
1335 869 1493 935 Rex
1518 892 1563 935 a
1583 872 1728 936 suis
1757 874 2010 956 pulsnS.

535 972 644 1037 31.
693 972 773 1035 In
813 972 1147 1036 Britannia
1173 972 1507 1037 turbantes
1542 973 1844 1056 reprimit
1880 971 2194 1039 Ostorius
2222 973 2488 1057 Icenos,
2532 978 2641 1045 32.

450 1070 737 1155 Gangos,
782 1074 1156 1155 Brigantes.
1240 1074 1521 1139 33-35.
1574 1074 1864 1139 Silurum
1909 1074 2162 1157 Regem
2197 1074 2643 1147 Caractacnm

448 1175 673 1238 vincit.
760 1174 869 1239 36.
914 1172 1009 1251 Is,
1060 1173 1353 1239 Romam
1394 1174 1780 1259 perductus,
1821 1176 1930 1241 37.
1973 1178 2270 1241 mascule
2300 1176 2644 1247 Gaesarem

450 1275 804 1358 alloquitur
850 1284 921 1341 et
953 1276 1219 1341 veniam
1248 1278 1575 1360 impetrat.
1663 1277 1774 1341 38.
1818 1277 1927 1342 39.
1974 1277 2279 1341 Britanni
2317 1280 2494 1345 vires
2541 1300 2646 1347 re-

442 1383 698 1460 parant.
791 1377 1119 1455 OstoriuS,
1151 1378 1440 1444 obtentis
1484 1378 1802 1462 triumphi
1845 1378 2232 1461 insignibus,
2279 1380 2442 1445 obit.
2531 1383 2641 1449 40.

448 1476 533 1541 Ei
564 1478 811 1543 Didius
841 1480 1183 1545 suffectus.
1272 1480 1533 1544 Bellum
1558 1480 1942 1544 intestinum
1967 1478 2247 1545 Venutii
2296 1486 2364 1545 et
2397 1481 2650 1549 Cattis-

444 1578 779 1646 manduae.

528 1681 639 1744 41.
688 1680 941 1745 Neroni
968 1682 1177 1745 virilis
1206 1686 1360 1764 toga
1386 1684 1773 1759 maturatur,
1811 1683 2192 1766 posthabito
2231 1682 2641 1749 Britannico.

444 1780 554 1847 42.
622 1784 879 1847 Burrus
938 1784 1263 1848 Praetorio
1308 1783 1690 1868 praefectus,
1805 1781 2198 1866 Agrippinae
2247 1786 2647 1869 arrogantia.

446 1880 719 1948 Vitellio
746 1885 945 1951 favet.
1030 1886 1139 1949 43.
1184 1885 1501 1967 Prodigia
1522 1883 1786 1949 Romae.
1874 1884 2136 1951 Caritas
2177 1905 2479 1978 annonae.

526 1986 811 2051 44-47.
855 1987 1117 2053 Bellum
1146 1986 1493 2052 Armenios
1518 1986 1687 2051 inter
1712 1991 1779 2050 et
1811 1984 2064 2051 Iberos.
2157 1986 2633 2054 Rhadamistus

445 2083 909 2153 Pharasmanis
952 2088 1127 2154 filius
1174 2087 1413 2153 Iberus
1458 2089 1688 2171 specie
1731 2086 2002 2153 foederis
2043 2086 2501 2154 Mithridatem
2534 2090 2636 2155 in·

442 2186 654 2265 vadit,
708 2188 947 2253 vinclis
1002 2194 1246 2267 onerat,
1304 2188 1637 2253 interimit.
1747 2186 1862 2255 48.
1935 2186 2341 2268 Quadratus,
2415 2190 2634 2275 Syrioe

446 2284 734 2365 PraeseS,
776 2289 861 2353 de
900 2290 1147 2355 ultione
1180 2290 1520 2356 deliberat.
1621 2290 1728 2355 49.
1774 2289 2092 2371 Pelignus
2121 2288 2636 2357 Rhadamistum

442 2394 685 2454 temere
703 2388 987 2472 Regium
1008 2392 1261 2475 insigne
1286 2412 1543 2457 sumere
1569 2392 1883 2457 hortatur.
1973 2392 2082 2457 50.
2127 2391 2358 2455 Parthi
2401 2390 2638 2457 Arme·

442 2490 626 2555 niam
652 2491 989 2559 invadunt.
1079 2494 1189 2557 51.
1230 2492 1708 2559 Rhadamistus
1727 2514 1770 2558 a
1795 2495 1936 2561 suis
1957 2492 2242 2577 pellitur.
2335 2492 2638 2562 Zenobia

444 2592 714 2678 conjux,
746 2596 831 2659 ab
859 2616 941 2661 eo
969 2598 1333 2675 vulnerata,
1364 2616 1537 2679 aegre
1562 2600 1882 2661 servatur.
2688 2674 2698 2685 ,

524 2696 635 2761 52.
680 2696 925 2763 Furius
942 2697 1424 2763 Scribonianus
1441 2700 1792 2781 relegatus.
1860 2694 1994 2763 SC.
2025 2697 2112 2762 de
2127 2694 2628 2767 mathematicis.

444 2796 553 2863 53.
599 2796 731 2863 SC.
764 2797 1200 2865 Claudianum
1232 2799 1313 2862 de
1329 2798 1626 2863 foeminis
1645 2816 1800 2883 qnae
1833 2800 2040 2864 servis
2064 2798 2630 2881 conjungerentur.

444 2897 767 2964 Adulatio
810 2902 883 2964 in
943 2902 1337 2965 Pallantem.
1435 2901 1547 2963 54.
1607 2900 1809 2965 Felix
1855 2906 1922 2963 et
1974 2898 2318 2963 Ventidius
2371 2898 2638 2963 turbant

440 2998 771 3064 Jndaeam.
852 3000 1232 3079 Quadratus
1258 2998 1543 3085 quietem
1574 2999 1805 3065 reddit.
1892 2998 1998 3067 55.
2042 2996 2272 3067 Motus
2297 3000 2366 3065 in
2393 2998 2634 3067 Cilicia

442 3098 631 3165 sedat
660 3098 815 3165 Rex
844 3100 1241 3168 Antiochus.
1857 3084 1876 3097 ⁵

528 3203 639 3269 56.
682 3203 905 3269 Lacus
935 3202 1231 3269 Fucinus
1258 3204 1543 3287 emissus
1570 3212 1638 3271 et
1678 3204 1748 3271 in
1777 3225 1858 3271 eo
1883 3206 2126 3276 navale
2155 3204 2636 3290 spectaculum,

443 3304 553 3369 57.
598 3310 663 3368 et
690 3306 1060 3369 convivium
1088 3324 1241 3370 cum
1266 3307 1589 3390 periculo.
1674 3306 1788 3371 58.
1836 3306 2018 3373 Nero
2047 3305 2230 3369 ducit
2259 3302 2632 3368 Octaviam.

441 3405 552 3477 59.
595 3404 897 3471 Statilius
942 3406 1211 3471 Taurus
1254 3427 1555 3473 eversus.
1644 3408 1758 3473 60.
1802 3406 2321 3471 Procuratorum
2361 3405 2434 3469 iu
2481 3422 2633 3487 pro-

440 3506 679 3572 vinciis
732 3508 1095 3572 auctoritas
1150 3512 1362 3573 ancta.
1464 3510 1575 3574 61.
1642 3507 1804 3573 Cois
1859 3526 2180 3573 concessa
2232 3506 2632 3571 immunitas.

440 3606 547 3672 62.
592 3608 702 3675 63.
734 3608 1079 3695 Byzantiis
1106 3609 1421 3675 tributum
1444 3610 1531 3675 ad
1560 3615 1824 3693 tempus
1849 3606 2234 3673 remissum:
2276 3605 2423 3691 ejus
2449 3606 2635 3671 urbis

445 3708 631 3775 situS.

526 3808 634 3873 64.
679 3808 993 3893 Prodigia
1042 3811 1433 3877 Claudianae
1491 3813 1700 3877 necis.
1815 3812 1924 3877 65.
1970 3809 2245 3893 Lepidae
2301 3828 2480 3875 mors
2530 3810 2632 3875 in·-

445 3908 645 3975 dicta.
732 3910 1041 3977 Narcissi
1080 3913 1309 3977 liberae
1350 3932 1572 3978 voces,
1678 3912 1788 3979 66.
1832 3912 1942 3977 67.
1989 3911 2342 3977 Claudium
2385 3908 2631 3993 Agrip-

443 4012 603 4093 pina
622 4030 871 4079 veneno
898 4014 1089 4080 tollit.
1174 4014 1285 4081 68.
1332 4012 1517 4081 Nero
1546 4014 1910 4099 primordia
1933 4011 2206 4097 Imperii
2236 4012 2440 4094 capit.
2515 4008 2646 4093 69..

446 4112 677 4181 Funus
706 4120 776 4181 et
797 4118 1213 4184 consecratio
1242 4115 1533 4181 Claudii.
1621 4116 1832 4182 Gesta
1857 4116 2006 4181 haec
2033 4114 2224 4179 annis
2263 4128 2414 4185 sex,
