3200 4934
436 386 577 441 ,Lc-
600 384 763 451 ‘¹42

1140 377 1552 437 sunamuu
1596 378 1748 435 10113.
1797 378 1972 433 xm.

2461 362 2638 451 16⁰}

437 544 571 591 non
644 524 812 591 ausi*
867 523 1097 607 ignaro
1162 521 1503 602 Principe,
1562 521 2010 604 perscripsere
2067 526 2288 585 tamen
2363 540 2634 590 consen-

436 690 646 779 ingraedi‚
669 696 760 741 aut
782 688 1042 751 inchoare,
1077 686 1285 737 Caesare
1323 679 1505 751 inscio,
1542 664 1599 735 ei*
1618 691 1773 736 tannen
1810 686 2082 735 nuntiauere
2123 700 2394 736 consensum
2423 691 2636 753 patr-ann

1428 824 1646 877 No'rAE

434 926 584 989 rent?
615 936 924 988 Habuerunt
943 938 1089 988 illum
1108 952 1407 989 consensum
1430 952 1497 988 ex

431 1013 705 1065 sententiis
729 1020 953 1078 patrum,
976 1014 1062 1081 qui
1082 1028 1190 1064 rem
1212 1014 1363 1063 istam
1380 1028 1497 1078 pro-

432 1094 729 1153 posuerant,
762 1098 818 1139 et
862 1090 1176 1152 argumentis
1214 1088 1265 1138 in
1306 1089 1497 1139 utram-

433 1180 535 1231 que
578 1172 779 1229 partem
826 1164 1217 1224 stabiliverant3
1259 1173 1313 1213 et
1342 1162 1495 1227 pauci

433 1240 640 1304 quidem
686 1240 929 1290 adversus
970 1238 1181 1289 libertos
1220 1240 1387 1289 acrius
1421 1239 1493 1289 in-

433 1314 574 1365 v'ec'ti
597 1323 764 1379 erant,
808 1323 863 1367 et
888 1316 1187 1367 relationem
1230 1314 1495 1364 consulum

430 1392 774 1455 postularant,
817 1393 999 1457 quibus
1030 1392 1134 1465 ‚alii
1194 1397 1367 1455 patres
1414 1406 1495 1457 re·

437 1466 773 1529 sponderant,
812 1473 867 1515 et
896 1480 1073 1516 eornm
1105 1466 1390 1516 sententias
1412 1472 1491 1515 re·-

432 1533 674 1589 fellerant
695 1560 710 1603 ;
738 1542 971 1591 breviter
993 1547 1182 1590 tamen.

499 1616 652 1669 Quod
696 1616 857 1667 fiebat
900 1630 1043 1680 saepe
1076 1615 1347 1665 silentibus
1372 1629 1493 1664 con-

432 1692 649 1754 sulibus,
690 1700 744 1741 et
788 1692 1033 1741 audiente
1067 1696 1282 1739 senatu:
1319 1690 1393 1739 ita
1413 1697 1491 1740 ta-

430 1782 568 1829 men,
589 1775 647 1816 nt
669 1766 855 1817 relatio
877 1782 1016 1830 saepe
1039 1765 1369 1829 abnuet-etur,
1400 1772 1491 1815 aut

431 1840 752 1891 differretur.

497 1917 813 1982 Rupellerent,
847 1916 905 1966 id
934 1914 1069 1965 forte
1109 1922 1207 1977 est,
1244 1919 1491 1977 augerent

422 1986 608 2057 poenam
628 2008 776 2057 uum,
797 1992 950 2042 etiam
983 2006 1098 2042 cum
1143 2006 1259 2040 eam
1293 1992 1491 2040 dissua-

430 2064 641 2117 debant.
712 2068 1000 2115 Consensum
1030 2066 1261 2127 intellige
1299 2066 1363 2115 de
1386 2080 1490 2115 ma-

422 2142 525 2207 jori
546 2149 695 2207 parte
714 2150 951 2206 patrum,
938 2158 949 2170 ·
976 2142 1060 2191 cni
1090 2141 1248 2190 etiam
1271 2141 1493 2191 accessit

429 2218 689 2282 princeps.

432 2290 443 2295 ”
496 2296 601 2345 Nee
619 2299 813 2345 deerant
833 2295 915 2359 qui
934 2292 1193 2355 censerent]
1232 2294 1389 2342 Forte
1412 2292 1487 2342 ln-

427 2365 641 2420 definite
686 2372 882 2420 dictum
922 2370 979 2418 τὸ
1012 2373 1266 2432 censerent,
1298 2380 1487 2432 nempe

427 2446 480 2495 ln
523 2452 791 2511 utramque
829 2454 1050 2511 partem.
1113 2444 1217 2495 Sed
1253 2446 1488 2495 consules

427 2522 625 2572 referre
660 2538 763 2571 non
799 2524 910 2571 ainsi
930 2528 1067 2583 sunt,
1086 2502 1395 2585 perscripsere
1414 2526 1486 2570 ta-

426 2611 533 2644 men
567 2612 833 2645 consensum
877 2603 1086 2656 senatus,
1130 2596 1357 2659 quisquis
1400 2597 1487 2645 ille

428 2670 605 2722 fuerit.
668 2672 786 2722 Nec
806 2672 941 2720 enim
966 2686 1083 2721 eum
1106 2672 1252 2721 nobis
1276 2671 1350 2721 ibi
1370 2686 1489 2736 ape·

426 2746 497 2796 rit
510 2746 740 2797 Tacitus.
808 2746 911 2796 Sed
934 2748 986 2795 in
1010 2748 1243 2810 ambiguo
1262 2754 1485 2797 mentem

427 2822 640 2885 retinet,
676 2836 837 2886 usque
862 2822 927 2870 ad
942 2822 1195 2886 judicium
1216 2823 1483 2887 principis.

490 2898 506 2930 ῑ
536 2898 758 2946 Consules
790 2899 1063 2947 relationem
1084 2898 1285 2962 incipere
1301 2914 1391 2947 non
1406 2915 1487 2948 au·

424 2970 493 3035 si]
527 2970 689 3036 Atqui
710 2977 883 3036 patres
902 2973 955 3021 in
980 2981 1162 3023 senatu
1174 2974 1285 3037 jam
1309 2974 1486 3023 dehac

427 3046 485 3096 re
508 3054 834 3110 censuerant,
857 3062 981 3112 ergo
991 3049 1102 3111 jam
1120 3050 1337 3098 relatum
1356 3056 1486 3113 erat,

428 3136 545 3173 cum
568 3122 839 3173 sententia
860 3128 1161 3187 promantur
1183 3131 1299 3187 post
1316 3124 1486 3173 relati·

430 3210 582 3245 onem
606 3198 884 3249 consulum.

454 3340 459 3343 Ι
492 3272 631 3325 Quid
655 3276 815 3335 ergo?
848 3289 969 3324 num
990 3274 1265 3338 legendum
1285 3275 1488 3326 incidere

424 3348 697 3399 relationem
710 3347 735 3399 ?
749 3363 865 3397 narn
882 3350 971 3398 ubi
990 3353 1485 3401 senatusconsultum

424 3423 621 3475 factum
661 3432 793 3487 erat,
816 3425 867 3473 in
905 3442 975 3475 ωε
1000 3425 1343 3476 incidebatur.
1410 3426 1487 3478 At

426 3500 511 3551 hic
575 3502 1073 3551 senatusconsultum
1141 3503 1432 3551 absolutum
1466 3520 1480 3552 ε

424 3584 562 3639 nam,
594 3577 686 3639 ait,
712 3578 1024 3641 perscripsere
1041 3582 1198 3626 tamen
1220 3592 1485 3627 consensum

426 3656 629 3713 senam,
652 3653 741 3702 sed
759 3669 789 3702 a
810 3653 1049 3717 principe
1070 3654 1403 3717 postulatum,
1428 3656 1485 3703 ut

428 3732 613 3776 auctor
668 3730 1047 3779 constitutionis
1088 3730 1253 3794 fieret.
1322 3729 1485 3779 Aure-

427 3800 547 3851 lius.

424 3878 429 3888 “
492 3879 651 3928 Certe
687 3884 843 3929 nciam
878 3882 933 3930 in
950 3886 1117 3931 senatu
1146 3883 1204 3930 de
1210 3878 1486 3947 fraudibus,

425 3958 481 4004 et
503 3954 570 4004 de
611 3954 945 4006 irreverentia
980 3958 1281 4007 libertorum
1317 3957 1367 4003 in
1393 3971 1483 4019 pa·

426 4030 637 4092 trouos3
672 4046 757 4080 nec
792 4034 983 4081 deerunt
1022 4032 1103 4096 qui
1138 4036 1396 4092 censerent,
1428 4031 1482 4081 id

426 4113 525 4170 cst,
562 4106 651 4172 qui
683 4121 897 4157 censere
938 4108 1153 4169 vellent,
1184 4113 1243 4155 et
1264 4106 1351 4170 qui
1374 4122 1485 4157 sen·

426 4182 642 4232 tentiam
678 4188 855 4235 contra
890 4181 1122 4247 libertos,
1156 4182 1237 4232 vel
1272 4182 1327 4232 in
1345 4180 1485 4235 favo·

1575 949 1688 987 rem
1730 936 1964 1001 proferre
2002 936 2171 1002 parati
2211 942 2402 999 essent,
2431 935 2475 985 sl
2515 940 2640 987 cont

1572 1013 1710 1062 sules
1731 1013 2036 1062 relationem
2054 1006 2362 1075 inciperent.

1639 1087 1743 1137 Sed
1766 1102 1826 1137 ea
1847 1102 1930 1137 res
1954 1088 2086 1137 tanti
2126 1087 2372 1136 momenti
2410 1086 2516 1136 visa
2535 1090 2636 1152 est,

1574 1171 1654 1225 nt,
1677 1164 1966 1213 inconsulto
2004 1163 2260 1226 principe,
2299 1176 2412 1211 eam
2438 1160 2634 1213 referre

1574 1240 1714 1305 apud
1735 1248 1930 1304 patres,
1954 1246 2007 1289 et
2027 1240 2092 1287 de
2109 1252 2172 1287 ea
2196 1240 2459 1287 decretum
2481 1237 2634 1301 perfi-

1572 1328 1715 1378 cere,
1737 1330 1837 1365 non
1861 1316 1974 1365 ausi
2017 1316 2140 1377 sint,
2181 1320 2237 1363 et
2281 1314 2636 1377 perscripsere

1568 1404 1870 1442 consensum
1895 1398 2101 1441 senatus
2123 1390 2379 1453 principi,
2367 1406 2378 1418 ·
2406 1390 2493 1454 qui
2515 1404 2634 1439 con-

1568 1480 1752 1516 sensus
1775 1472 2000 1531 patrum,
2016 1481 2112 1530 pro
2134 1468 2422 1515 auctoritate
2443 1464 2560 1527 fult,
2577 1472 2634 1515 et

1570 1542 1733 1591 veluti
1776 1543 2045 1592 decretum
2083 1548 2328 1603 senatus;
2377 1541 2512 1605 quod
2558 1546 2634 1590 ta·-

1570 1630 1690 1665 men
1727 1624 1829 1667 non
1855 1618 2024 1680 potuit
2043 1617 2157 1666 fieri
2181 1624 2269 1666 aut
2289 1618 2486 1681 perfici,
2509 1618 2632 1681 quin

1572 1692 1716 1754 prius
1747 1691 2000 1742 referrent
2040 1694 2291 1756 consules,
2331 1693 2454 1759 quin
2495 1692 2632 1757 prius

1570 1775 1846 1817 censerent
1867 1776 2062 1832 patres,
2076 1774 2176 1819 ὅτε.

1635 1842 1829 1892 Verum
1862 1849 1964 1906 est,
1985 1844 2398 1907 perscripserunt
2421 1845 2634 1893 consen·

1574 1932 1685 1965 surn
1707 1924 1932 1982 senatus,
1951 1918 2035 1981 qui
2059 1919 2235 1968 statim
2251 1918 2476 1967 innotuit
2500 1917 2550 1966 in
2575 1932 2631 1968 re

1571 1991 1716 2044 sacili
1760 2010 1820 2045 ac
1864 1994 2151 2057 favorabili,
2185 1997 2361 2046 multis
2399 1995 2632 2061 patribus

1571 2070 1685 2132 ipso
1703 2076 1834 2120 nutu
1859 2072 2282 2134 approbantibus,
2311 2077 2368 2120 et
2403 2072 2522 2135 quia
2542 2084 2632 2120 ne-

1572 2159 1656 2193 mo
1677 2143 1788 2194 fere
1812 2144 2200 2209 adversabatur,
2231 2146 2297 2195 Ut
2325 2144 2634 2209 interponens

1572 2220 1618 2269 ei
1632 2222 1876 2269 sententies
1895 2223 2128 2283 aduersos,
2147 2222 2315 2285 inquit
2332 2220 2565 2273 Tacitus.
2625 2226 2632 2237 ’

1635 2296 1704 2344 Et
1725 2304 1897 2358 patres
1929 2297 2027 2361 ipsi
2048 2296 2353 2347 illustriores
2374 2297 2632 2361 urgebant

1566 2370 2014 2437 hortabantur-que
2057 2374 2311 2436 consules,
2334 2378 2521 2423 utrem
2555 2358 2631 2422 re!

1564 2444 1798 2509 ferrent3
1864 2447 2001 2497 unde
2074 2446 2292 2511 patebat
2348 2447 2630 2499 communis

1566 2536 1878 2583 consensus;
1921 2530 1976 2571 et
2001 2538 2114 2587 quae
2138 2522 2276 2573 forte
2296 2523 2512 2572 duorum
2545 2524 2630 2573 vel

1566 2599 1722 2647 trium
1747 2604 1951 2660 patrum
1970 2600 2230 2648 sententia
2247 2598 2434 2659 funerat,
2453 2613 2629 2649 omnes

1566 2673 1943 2737 approbavere,
1966 2680 2021 2722 et
2044 2675 2182 2739 quod
2206 2676 2292 2725 alii
2329 2677 2482 2739 pauci
2513 2691 2628 2739 pro·

1566 2753 1865 2811 posuerant,
1899 2761 2048 2796 nemo
2081 2747 2317 2799 firmabat
2337 2756 2530 2812 praeter
2552 2750 2628 2815 ip-

1567 2837 1650 2872 sos
1673 2837 1880 2886 paucos·

1632 2898 1764 2948 Sunt
1788 2902 1909 2947 san‘e
1946 2897 2156 2961 negotia
2197 2894 2434 2963 quaedam
2456 2896 2628 2949 istius-

1566 2973 1708 3022 modi
1745 2974 1900 3034 clara‚
1936 2979 1993 3022 et
2022 2973 2100 3021 ita
2137 2974 2396 3036 exagitata
2431 2974 2635 3023 anteiit

1562 3049 1842 3111 conviviis,
1881 3049 1932 3096 in
1967 3049 2200 3112 coetibus,
2233 3050 2288 3097 in
2318 3050 2544 3111 circulis,
2567 3042 2628 3101 ut

1566 3124 1678 3173 fere
1722 3124 1879 3173 etiam
1935 3130 2210 3189 autequam
2267 3133 2627 3189 proponantur

1566 3200 1794 3263 publice,
1814 3198 2071 3247 sententia
2095 3205 2240 3247 certa
2265 3198 2352 3258 sit,
2375 3205 2429 3248 et
2463 3198 2625 3248 veluti

1564 3274 1741 3337 palam
1783 3279 2070 3337 comperta,
2121 3274 2174 3321 in
2212 3286 2364 3337 quam
2409 3272 2626 3325 inclinat

1564 3354 1793 3398 senatus.
1836 3348 1842 3355 '

1629 3423 1766 3471 Talis
1786 3428 1956 3471 autem
1979 3422 2080 3472 fuit
2115 3437 2179 3472 ea
2210 3422 2273 3471 lis
2303 3421 2625 3490 libertorum,
2726 3420 2733 3423 ’

1567 3498 1655 3562 qui
1695 3505 1941 3561 patronos
1984 3512 2102 3547 suos
2146 3490 2293 3547 simul
2333 3504 2387 3548 et
2416 3494 2622 3563 judices

1562 3572 1822 3622 habuere:
1861 3573 1992 3623 forte
2025 3580 2080 3623 et
2125 3586 2424 3637 corrupere,
2465 3582 2544 3624 ut.
2567 3574 2622 3624 in

1566 3663 1658 3699 sua
1681 3664 1850 3698 causa.

1632 3726 1854 3773 Consules
1872 3725 2145 3774 relationem
2159 3724 2362 3789 incipere
2381 3742 2474 3776 non
2489 3723 2622 3794 nusi]

1564 3798 1647 3848 Ad
1701 3798 2002 3849 firmandum
2053 3800 2193 3849 hunc
2245 3800 2410 3851 locum
2466 3797 2624 3852 affert

1563 3875 1764 3939 Lipsius
1807 3876 2024 3925 alterum
2073 3878 2242 3926 locum
2297 3876 2487 3941 Taciti,
2531 3874 2621 3941 qui

1563 3964 1678 4001 xiv.
1711 3956 1794 4000 49.
1861 3952 2109 4001 Attamen
2150 3953 2313 4002 latum
2349 3952 2620 4001 discrimen

1562 4036 1646 4080 est
1683 4031 1817 4081 inter
1838 4030 1924 4081 illa
1947 4032 2049 4083 duo
2071 4033 2188 4082 loca
2212 4050 2226 4092 ;
2251 4047 2364 4081 nam
2387 4032 2485 4080 hoc
2507 4026 2620 4103 nos-¹,

1563 4110 1643 4155 tro
1676 4106 1792 4157 loco
1833 4107 1870 4156 1.
1911 4122 2036 4158 κιιι.
2068 4108 2294 4158 nondum
2317 4108 2618 4165 relationem

1560 4180 1864 4247 inceperunt
1898 4184 2162 4245 cousules3
2201 4181 2358 4247 igitur
2374 4195 2474 4233 nec
2496 4181 2618 4263 dun}
