3200 4934
452 408 778 481 uon]-

1103 400 1519 451 auxanium
1570 402 1723 453 1118..
1767 397 1946 457 xlll-

1458 686 1674 741 80¹1·AE

454 847 625 899 neque
646 832 816 898 ἰιυοί,
834 848 1005 900 neque
1020 832 1212 898 rumpi,
1230 838 1343 883 tum
1358 832 1518 897 pisci-

454 918 565 961 tum
586 910 705 963 Diis
728 917 823 963 aut
842 919 1117 976 acceptum
1142 912 1262 962 est.’

517 986 623 1041 Qui
656 987 939 1037 sitnillimus
978 988 1053 1036 illl
1087 988 1325 1049 Seneca,
1364 1001 1517 1051 quem

450 1062 647 1113 adduxi
685 1078 716 1112 e
756 1063 843 1113 lib.
881 1064 948 1113 de
986 1062 1095 1113 Ira.
1161 1062 1411 1113 Ceterum
1438 1076 1517 1133 ⁵ex

448 1138 547 1191 bae
570 1139 785 1203 potione
806 1144 1039 1203 gunt-sse
1062 1138 1215 1189 etiam
1236 1139 1385 1188 Titus
1408 1152 1519 1187 ere-

450 1210 695 1277 debntur,
718 1217 734 1244 ‘
748 1216 1105 1265 Britannicum
1112 1215 1271 1279 juxta
1288 1212 1521 1279 cubans,'

452 1291 531 1344 ait
549 1294 761 1343 Sueten.
780 1292 885 1343 'riti
906 1308 953 1343 c.
977 1296 1059 1342 11.

516 1366 689 1419 Miror
726 1384 821 1419 cur
854 1369 1029 1419 σιιὸσιυ
1062 1366 1365 1431 scripserit:
1398 1380 1519 1421 nam

450 1442 543 1493 ille
580 1458 702 1493 vero
728 1446 871 1507 sedit,
894 1454 951 1494 ut
985 1445 1069 1493 bic
1102 1444 1153 1495 in
1174 1444 1379 1507 Tacito,
1399 1458 1519 1493 cnm

452 1518 758 1571 Britannico
777 1521 980 1570 scilicet
999 1520 1015 1547 ‘
1036 1520 1209 1581 simul,
1228 1534 1289 1569 ac
1310 1519 1518 1582 paribus

452 1592 755 1657 disciplinis,
776 1602 835 1643 et
854 1594 995 1658 apud
1014 1594 1227 1644 eosdem
1248 1595 1520 1657 magistros

452 1666 717 1718 institutus
735 1668 769 1729 ς’
832 1676 892 1719 ut
942 1669 1055 1732 ipse
1112 1670 1395 1720 Suetonius
1444 1669 1519 1719 ibi

452 1743 678 1808 scripsit.
744 1746 859 1795 Nec
882 1746 1155 1811 probabile
1186 1747 1241 1797 in
1264 1746 1377 1810 pari
1398 1752 1521 1795 rete-

453 1825 511 1872 te
531 1822 704 1873 Titum
742 1837 899 1887 supra
928 1822 1189 1873 dominnm
1222 1822 1417 1873 honoro
1450 1820 1521 1871 af·

448 1895 668 1959 fectum.
732 1900 835 1947 Sed
859 1899 1119 1949 exciderit
1136 1898 1233 1949 boc
1256 1898 1520 1961 Suetonio,

453 1986 551 2035 pro
575 1975 783 2037 vulgato
806 1988 949 2025 nnore
971 1974 1237 2023 scribenti.
1268 1974 1479 2038 Lipsius.

516 2048 719 2100 Seneca
750 2050 819 2099 de
851 2049 957 2110 Ira,
994 2063 1035 2099 ι.
1059 2054 1137 2099 12.
1172 2051 1188 2078 ‘
1216 2050 1521 2099 Irascuntur

445 2120 579 2183 'boni
619 2124 715 2175 viri
754 2139 850 2189 pro
896 2138 1101 2174 suorum
1137 2124 1341 2189 injuriis
1363 2140 1379 2183 ς
1430 2124 1521 2177 sed

452 2202 595 2252 idem
615 2200 833 2266 facient,
853 2202 898 2251 si
920 2201 1091 2251 calida
1110 2214 1211 2251 non
1234 2202 1368 2253 bene
1390 2216 1521 2265 prae·

453 2274 679 2340 beatur,’
709 2281 811 2329 ὅτε.

520 2352 812 2415 Proecalida]
848 2352 1027 2405 Calida
1049 2352 1341 2415 bibebatur,
1363 2353 1521 2405 etiam

452 2442 587 2492 pura
608 2436 666 2479 et
685 2428 927 2493 solitaria,
948 2443 1047 2479 nec
1070 2429 1173 2479 ullo
1196 2428 1298 2479 ulio
1322 2427 1521 2497 liquore

454 2505 711 2568 permixta
734 2522 748 2567 ;
790 2504 881 2555 sed
925 2505 1189 2569 praecipue
1227 2504 1283 2556 in
1320 2503 1521 2555 deliciis

457 2580 626 2631 calida
646 2578 751 2630 fuit
773 2580 891 2629 vino
915 2581 1091 2629 mixta.

521 2656 777 2719 Apuleius
800 2656 833 2709 Ι.
858 2669 919 2705 ιι.
954 2660 969 2685 ⁸
993 2655 1139 2705 Fotis
1158 2669 1273 2705 meu
1298 2655 1410 2717 jam
1433 2653 1523 2703 do-

456 2728 597 2781 mina
618 2730 849 2780 cubitum
886 2729 1109 2793 reddita,
1143 2730 1330 2793 arripit
1369 2745 1527 2794 pocu-

454 2807 584 2871 lum,
607 2821 667 2856 ιο
692 2807 913 2870 desuper
936 2807 1109 2871 aliqua
1130 2805 1301 2873 calida
1322 2806 1525 2869 injecta

456 2881 681 2947 porrigit
701 2886 759 2929 ut
782 2880 987 2929 bibam:

521 2954 669 3005 Idem
694 2956 944 3005 Plautus:
980 2956 997 2985 ⁴
1024 2957 1169 3009 Quos
1208 2970 1414 3019 semper
1450 2956 1522 3007 vi-

456 3029 583 3083 deas
624 3032 847 3081 libentes
890 3046 1006 3081 esse
1051 3032 1107 3080 in
1152 3030 1524 3097 thermopolio.'

457 3108 691 3159 Martial.
740 3109 755 3135 ‘
779 3108 897 3160 Jam
933 3106 1218 3159 defecisset
1254 3116 1523 3172 portantes

460 3168 611 3235 effide
632 3184 913 3247 ministros,
934 3184 990 3233 Si
1028 3198 1133 3233 non
1158 3190 1364 3247 potares
1399 3185 1523 3233 Sex-

458 3258 658 3323 tiliane,
678 3259 910 3310 merum!

520 3336 722 3386 Tamen
760 3351 895 3401 aqua
928 3334 1121 3399 duplex
1158 3336 1333 3385 statim
1374 3336 1523 3387 initio

454 3428 651 3465 mensae
690 3414 997 3479 ponebatur,
1052 3414 1205 3463 calida
1241 3428 1429 3478 nempe
1470 3420 1525 3463 et

450 3492 660 3555 frigida.
756 3490 1047 3541 Lucienus:
1113 3492 1129 3517 ‘
1152 3490 1339 3541 Mensa
1398 3504 1523 3539 vero

458 3567 600 3617 lecto
644 3581 808 3631 prope
856 3566 1062 3617 estabet
1116 3566 1312 3615 hebens
1369 3580 1524 3630 pocu-

458 3642 567 3691 lum
600 3650 655 3691 et
688 3658 871 3708 aquam
910 3649 1163 3707 paratam,
1200 3650 1254 3693 et
1285 3641 1524 3707 frigidam

460 3724 519 3769 et
581 3718 849 3769 eulidnmz’
905 3721 979 3769 sic
1026 3727 1080 3770 et
1137 3720 1351 3769 Tacitus
1400 3720 1523 3772 bic:

457 3792 475 3822 ⁸
501 3792 808 3855 Praecalida,
839 3798 939 3845 &m
974 3796 1121 3859 potio
1156 3795 1379 3845 traditur
1408 3796 1525 3845 Bri-

461 3868 708 3921 tannico:
760 3870 881 3919 dein
922 3877 1197 3935 postquam
1238 3870 1443 3922 fervore
1474 3887 1525 3921 a·

462 3944 823 4011 spernabatur,
845 3944 1036 4009 frigida
1070 3948 1125 3996 in
1157 3961 1289 4012 aqua
1308 3946 1525 3997 affundi-

462 4030 552 4073 tur
574 4021 861 4087 venenum.'
926 4022 1031 4071 Ubi
1066 4037 1161 4085 per
1192 4026 1431 4087 potionem
1452 4025 1525 4073 in-

456 4097 630 4162 telligi
670 4097 831 4147 debet
872 4112 1005 4162 equs
1044 4098 1198 4147 aalide
1235 4096 1355 4147 vino
1414 4113 1527 4162 per-

460 4174 648 4239 mixta,
666 4188 781 4239 quoe
806 4172 953 4223 nimis
972 4172 1144 4223 calida
1164 4170 1297 4233 fuit3
1330 4178 1387 4221 et
1406 4173 1526 4225 ideo

463 4264 579 4317 eam
620 4257 830 4323 recusat
872 4249 1195 4316 remittitque
1266 4250 1527 4303 Britanni·

1593 849 1696 883 eus.
1729 832 1984 897 ministro,
2025 832 2114 899 qui
2155 830 2294 883 baud
2343 830 2500 886 dubie
2544 847 2664 885 eon*

1591 910 1728 959 scius
1749 910 1854 959 doli
1888 908 2006 973 fuit,
2035 924 2138 959 non
2172 916 2344 960 temen
2366 906 2504 964 forte
2525 922 2662 974 pro-

1594 994 1846 1050 gustator.

1600 1098 1610 1107 .
1661 1060 1840 1126 ltaque
1865 1060 2085 1111 calidam
2109 1066 2360 1111 renuente
2401 1060 2665 1111 Britanni·

1592 1152 1674 1201 co,
1693 1138 1776 1187 vel
1815 1152 2000 1187 novam
2033 1137 2296 1201 potionem
2329 1153 2476 1201 aquae
2517 1136 2663 1203 frigi-

1591 1214 1694 1275 dae,
1729 1214 1782 1263 in
1809 1228 1912 1278 qus
1943 1214 2078 1263 virus
2113 1220 2220 1263 tum
2260 1212 2554 1277 effundunt,
2572 1212 2658 1265 vel

1592 1289 1738 1353 prius
1759 1286 1976 1339 affusum
1995 1298 2126 1349 erat,
2147 1290 2246 1353 ipsi
2264 1289 2528 1341 exhibent.

1658 1367 1758 1415 Vel
1800 1380 1935 1430 aqua
1973 1364 2184 1429 frigida,
2227 1365 2320 1415 sed
2377 1370 2660 1429 venenata,

1594 1450 1892 1507 temperent
1933 1444 2146 1507 primum
2189 1442 2328 1493 illam
2377 1443 2664 1507 potionem,

1592 1534 1710 1584 qum
1733 1519 1880 1569 nimis
1915 1516 2261 1577 fervescebat,
2301 1524 2356 1565 et
2379 1530 2534 1581 quam
2555 1530 2661 1567 non

1593 1595 1886 1659 pmlibavit
1923 1594 2158 1643 delectus
2189 1593 2275 1643 ille
2311 1594 2565 1653 minister,
2599 1599 2662 1643 ut

1593 1671 1682 1735 qui
1712 1670 1824 1735 jun
1863 1669 2192 1733 praelibasset
2227 1668 2396 1731 ipsum
2435 1667 2660 1719 eundern

1594 1748 1831 1809 culicem,
1857 1762 2010 1813 quem
2029 1760 2203 1797 rursus
2237 1754 2292 1795 et
2314 1746 2487 1795 statim
2509 1746 2664 1797 obtu-

1593 1825 1706 1875 lere
1729 1824 2055 1881 Britannico,
2077 1823 2222 1888 quasi
2245 1838 2422 1886 parum
2445 1822 2660 1887 liquoris

1596 1900 1828 1951 additum
1853 1908 2008 1959 esset,
2031 1914 2128 1949 nec
2147 1900 2383 1949 referret.

1659 1977 1760 2027 Vei
1803 1976 1935 2027 forte
1981 1978 2185 2027 delectus
2231 1977 2317 2025 ille
2358 1976 2664 2040 praelibetor

1593 2067 1700 2101 non
1721 2052 2030 2115 praelibabat
2053 2053 2336 2115 potionem,
2361 2052 2564 2115 quoties
2584 2053 2662 2103 bi·

1596 2128 1748 2177 beret
1763 2128 1974 2190 juvenis
1993 2128 2256 2192 princeps,
2271 2134 2327 2177 et
2351 2126 2496 2189 pueri
2518 2127 2666 2178 nobi-

1598 2203 1674 2253 les
1699 2205 1786 2267 qui
1827 2216 1946 2253 cnm
1980 2218 2044 2252 eo
2080 2203 2460 2253 accumbebant
2481 2203 2662 2255 iisdem

1596 2280 1762 2344 epulis
1785 2296 1802 2339 ;
1835 2280 1928 2329 sed
1951 2281 2101 2329 simul
2121 2286 2180 2329 et
2201 2281 2358 2331 semel
2377 2278 2518 2330 forte
2537 2288 2664 2331 ante

1596 2357 1906 2415 convivium,
1928 2356 2049 2407 dum
2071 2357 2472 2421 disponerentur
2491 2356 2664 2417 euius,

1596 2432 1788 2493 vinum,
1809 2434 2016 2497 pocula,
2045 2440 2102 2485 et
2134 2433 2360 2497 reliquus
2394 2433 2661 2496 epularum

1594 2520 1894 2574 apparatus,
1915 2525 1978 2559 ex
2013 2524 2136 2559 vase
2169 2510 2432 2572 potionem
2463 2510 2665 2561 univer·

1596 2602 1704 2635 sam
1727 2586 1876 2636 initio
1899 2586 2228 2649 praelibabat,
2241 2584 2378 2635 unde
2398 2586 2663 2635 haurirent

1595 2662 1836 2723 ministri,
1870 2668 1926 2711 et
1947 2662 2180 2712 omnibus
2203 2660 2434 2713 convivis
2453 2660 2663 2715 exbibe-

1597 2744 1734 2787 rent.

1663 2814 1858 2863 Ferunt
1883 2824 1950 2861 ex
1984 2810 2164 2861 eadem
2203 2811 2432 2874 potione,
2469 2811 2664 2863 bibisse

1595 2887 1788 2947 Τίιιιιιι,
1811 2887 1900 2951 qui
1919 2886 2070 2935 simul
2086 2900 2203 2937 cum
2221 2886 2529 2936 Britannico
2549 2892 2664 2939 tun

1596 2962 1958 3013 accumbebat.
2023 2962 2082 3011 Si
2103 2962 2200 3011 hoc
2226 2976 2403 3011 verum
2427 2962 2532 3026 sit,
2549 2968 2664 3013 tots

1596 3040 1840 3102 ampliora
1881 3053 1972 3088 sen
2017 3044 2187 3089 crater
2251 3052 2400 3102 aquae
2440 3036 2666 3101 frigidm,

1594 3114 1742 3164 initio
1765 3128 1952 3163 mensoe
1976 3114 2098 3178 poni
2133 3114 2319 3175 solituv,
2343 3114 2418 3163 sic
2438 3112 2664 3165 infectus

1594 3196 1738 3241 totus
1763 3204 1959 3240 veneno
1982 3189 2199 3239 finisset:
2237 3197 2290 3239 et
2318 3190 2432 3253 tali,
2453 3196 2662 3255 tamque

1596 3267 1780 3331 rapido
1803 3281 2001 3315 veneno
2026 3266 2194 3329 perire
2225 3266 2418 3326 subito,
2451 3265 2666 3330 rapique

1594 3356 1700 3391 nna
1719 3342 2012 3391 debuerunt
2033 3353 2206 3389 omnes
2229 3339 2318 3403 qui
2342 3339 2612 3391 bibissent.

1663 3418 1818 3467 Forte
1839 3418 1934 3465 soli
1970 3416 2273 3467 Britannico
2297 3421 2354 3465 et
2383 3416 2500 3467 Tito
2537 3422 2684 3473 tem·.

1598 3498 1782 3556 persta
1810 3498 1894 3541 est
1931 3492 2072 3555 potio
2096 3490 2396 3543 fervescens
2415 3492 2508 3541 illa
2527 3508 2666 3560 aque

1597 3566 1802 3631 frigida,
1839 3582 1954 3631 quae
2001 3566 2154 3617 noxia
2193 3574 2342 3629 erut3
2387 3575 2443 3618 et
2479 3583 2662 3631 parum

1596 3642 1766 3691 hausit
1797 3643 1964 3701 Titus,
2004 3641 2143 3691 forte
2186 3642 2476 3693 admonitus
2516 3644 2665 3694 terri·

1598 3726 1786 3784 tusque
1808 3734 1934 3769 casu
1955 3720 2260 3783 Britannici,
2280 3726 2336 3768 ut
2359 3726 2416 3769 et
2439 3720 2524 3769 alii
2555 3734 2662 3771 om-

1598 3809 1728 3855 nes3
1763 3796 1846 3845 vel
1869 3808 1992 3847 casu
2015 3802 2071 3847 et
2089 3796 2290 3845 meliori
2311 3794 2437 3849 fsto.

1665 3872 1736 3921 Et
1759 3871 1824 3921 ad
1846 3871 2056 3937 aliquod
2091 3872 2314 3937 spatium
2355 3872 2670 3935 interrupto„

1599 3948 1788 4011 epulae,
1827 3946 1948 3997 dum
1995 3952 2163 3997 metus
2201 3952 2424 4011 occupat
2465 3947 2663 3996 animos

1603 4024 1868 4087 utriusque
1887 4022 2131 4085 convivii,
2150 4022 2272 4071 dum
2294 4019 2526 4072 aufertur
2546 4020 2666 4071 Bri-

1599 4102 1838 4151 tannicus
1868 4098 1978 4165 jam
2011 4098 2235 4151 cadaver
2259 4104 2316 4147 et
2337 4096 2510 4159 funus,
2529 4094 2664 4150 aden

1600 4176 1902 4240 violentum,
1922 4189 2136 4239 sarum,
2153 4178 2212 4224 et
2231 4171 2472 4236 rapidum
2509 4185 2664 4223 vene-

1598 4265 1721 4303 num
1745 4249 1862 4303 fuit.
2234 4274 2244 4285 κ
