3200 4934
575 401 752 468 1³66

1290 416 1356 464 0.
1402 414 1594 463 GORN
1612 413 1765 462 ΕΒΗ
1812 411 2068 462 ‘raom

2460 415 2555 482 [Α.
2576 416 2645 470 υ.
2662 419 2782 470 aaa.

569 559 878 624 sallinam
901 561 966 624 et
991 557 1256 624 Silium.
1343 556 1558 621 Pares
1608 556 1847 621 iterum
1874 553 2235 620 accusandi
2254 562 2281 601 ⁸
2322 573 2565 621 causas
2601 576 2781 638 ease,

582 674 758 771 natain
777 719 1132 771 Messallinam
1153 725 1212 770 et
1229 718 1430 770 Silium.
1493 717 1576 770 Ac
1599 734 1752 784 pares
1777 733 1953 769 rursus
1992 715 2269 768 deferendi
2302 714 2565 770 feminam
2596 733 2785 771 nnana

1577 850 1627 899 N
1635 849 1789 899 0⁹1·AE

573 978 790 1040 iontem,
819 978 1010 1042 ‘pares
1047 993 1224 1029 causas
1251 993 1387 1043 esse,
1425 981 1470 1029 si
1493 981 1642 1031 Nero

573 1055 955 1120 imperitaret3’
988 1055 1042 1104 id
1065 1064 1171 1120 est,
1208 1057 1250 1106 si
1273 1057 1490 1122 irnperio
1521 1071 1642 1120 pro-

573 1131 693 1195 pius
711 1131 1090 1182 admoveretur.

641 1205 760 1255 Nec
801 1213 950 1255 certe
990 1204 1242 1256 defuisset
1285 1208 1462 1258 Caeaar
1504 1206 1639 1271 ipse,

573 1280 984 1346 castigassetque
1025 1282 1384 1346 impotentiam
1439 1291 1496 1334 et
1548 1282 1640 1333 fla-

563 1356 700 1419 gitia
741 1357 936 1420 uxoris,
978 1363 1036 1407 ut
1075 1365 1226 1422 patet
1271 1373 1338 1408 ex
1382 1373 1445 1408 ea
1485 1373 1638 1420 voce,

519 1461 524 1466 ·
573 1448 726 1498 quam
747 1434 1081 1498 temulentus,
1120 1435 1256 1486 serio
1297 1442 1489 1498 tamen,
1523 1451 1641 1500 pro·

573 1509 852 1574 nuntiavit,
885 1510 1222 1576 proemonitua
1257 1511 1394 1561 haud
1428 1512 1582 1562 dubie
1608 1527 1640 1562 a

571 1584 764 1636 liberto
787 1601 881 1636 sno
921 1587 1184 1648 Narcisso,
1217 1587 1310 1638 sed
1347 1601 1547 1637 veneno
1570 1588 1636 1638 ab

575 1659 660 1710 illa
683 1668 984 1725 praeventus
1005 1669 1102 1712 est.

565 1733 572 1740 ’
639 1737 715 1787 At
735 1738 777 1786 ai
801 1737 1132 1786 Britannicus
1172 1737 1495 1800 succederet,
1511 1738 1635 1788 hac-

573 1819 726 1861 tenna
766 1811 894 1860 nihil
932 1811 999 1861 de
1037 1813 1136 1861 hoc
1177 1813 1416 1877 principe
1435 1829 1492 1862 se
1527 1829 1635 1863 me-

572 1886 758 1945 ruisse,
795 1891 1025 1935 attamen
1059 1899 1194 1936 nunc
1225 1887 1358 1936 bene
1401 1889 1633 1938 merendi

573 1961 677 2012 sibi
718 1959 831 2010 dari
876 1961 1215 2024 occasionem,
1261 1963 1384 2026 quia
1424 1977 1635 2012 merere

565 2035 764 2088 ‘insidi-is
803 2037 980 2088 domus
1025 2039 1188 2088 omnis
1232 2039 1632 2103 convelleretur,

570 2115 768 2180 majore
842 2113 1039 2180 flagitio
1099 2129 1250 2179 quam
1319 2115 1633 2164 Messallinae

560 2189 730 2256 olim,
764 2197 822 2240 et
841 2205 908 2239 ne
931 2203 1066 2239 nunc
1097 2190 1442 2253 impudicitiam
1477 2191 1637 2240 etiam

569 2265 748 2328 «beau,
782 2267 1001 2316 Pallante
1035 2268 1269 2326 adultero,
1307 2271 1366 2314 ut
1406 2271 1460 2314 et
1481 2273 1639 2314 antea

569 2341 716 2402 snio,
737 2349 796 2392 et
829 2339 1169 2406 Agrippinam
1189 2342 1432 2402 pudorem,
1448 2355 1637 2402 corpus,

576 2416 750 2466 omnia
769 2431 916 2478 reg-no
938 2417 1106 2465 viliora
1126 2415 1310 2464 habere.
1345 2445 1350 2451 ⁴

561 2499 566 2506 '
623 2491 754 2545 Quae
773 2490 970 2556 flagitia
981 2506 1207 2555 noverca,
1229 2505 1343 2556 quae
1361 2491 1494 2540 mala
1511 2505 1633 2540 con·

565 2561 700 2634 iilia,
721 2571 764 2620 si
802 2569 1031 2621 deferret
1055 2569 1486 2634 subverteretque
1521 2584 1631 2618 rnr-

571 2663 658 2698 sus
703 2647 998 2710 Narcissus,
1039 2660 1176 2695 nnnc
1219 2644 1285 2694 de
1326 2645 1628 2694 Britannico

570 2724 704 2774 bene
725 2737 783 2773 se
802 2724 1122 2774 meriturum.
1177 2723 1194 2751 ‘
1215 2721 1348 2771 Haec
1365 2721 1631 2785 dictitans,

569 2798 816 2862 amplecti
837 2798 1212 2858 Britannicum,
1234 2795 1352 2846 διο]

633 2883 660 2920 r
694 2877 844 2925 Pares
862 2875 1037 2924 iterum
1073 2871 1344 2936 actuandi]
1408 2871 1494 2922 Ita
1513 2872 1625 2923 haec

567 2949 933 3012 distinguenda
1002 2954 1153 2998 sunt:
1218 2947 1319 2996 etsi
1385 2953 1630 3012 suspecta

565 3024 758 3075 nendi.
822 3022 1036 3086 Lipsius.
1419 3045 1424 3050 ·

631 3099 787 3150 Pares
827 3097 1024 3162 itm]
1089 3097 1254 3147 Pares
1295 3097 1486 3148 iterum
1507 3111 1627 3147 can-

556 3189 652 3238 ,aas
693 3188 811 3224 esse
863 3171 1141 3224 accusandi
1182 3171 1545 3238 Agrippinam,
1581 3174 1627 3223 si

567 3252 716 3302 Nero
751 3250 1050 3316 imperaret,
1089 3249 1211 3316 quia
1251 3256 1311 3300 ut
1341 3250 1631 3313 imperaret

553 3325 675 3392 ille,
739 3325 1031 3392 Agrippina
1081 3326 1412 3378 convellebat
1462 3333 1627 3377 totam

567 3403 776 3454 domum
794 3403 1064 3468 principis,
1085 3411 1142 3454 et
1163 3403 1502 3453 insidiabatur
1523 3401 1627 3466 ipai

563 3480 780 3544 cesari,
803 3487 860 3532 et
881 3481 1004 3546 quia
1022 3481 1076 3530 in
1115 3479 1170 3530 id
1209 3479 1474 3545 impudica
1507 3485 1626 3530 erat

561 3555 806 3606 Pallante
821 3557 1077 3620 adultero,
1093 3563 1152 3605 ut
1167 3555 1471 3606 Messallina
1479 3555 1627 3619 Silio,

561 3637 620 3682 et
641 3631 716 3680 sic
757 3646 896 3695 parea
929 3633 1118 3682 iterum
1155 3631 1430 3682 accusandi
1465 3647 1628 3682 mm

549 3706 800 3771 -rediisae,
831 3707 878 3758 si
917 3707 1051 3758 Nero
1079 3708 1394 3771 imperim-et.
1460 3706 1623 3756 Intel-

560 3783 684 3850 lige,
727 3783 769 3833 si
811 3797 1042 3845 consors,
1081 3781 1125 3832 si
1165 3782 1368 3846 collega
1417 3781 1624 3844 imperii

557 3859 929 3924 destinaretur,
948 3872 1040 3909 seu
1061 3855 1406 3910 ascisceretur
1425 3871 1458 3907 a
1469 3857 1621 3908 Clau-

557 3935 665 3990 dio.

547 4053 556 4060 .
622 4015 722 4066 Vel
739 4029 882 4083 pares
898 4015 1074 4066 iterna
1092 4012 1344 4063 ammai
1359 4025 1544 4075 emas,
1575 4011 1622 4062 si

547 4089 706 4144 ‚Nero
726 4091 1074 4156 imperitaret,
1095 4090 1216 4156 quia
1253 4091 1321 4140 ob
1351 4089 1407 4140 id
1440 4103 1627 4154 perpe·

547 4174 652 4217 uio
667 4166 1054 4220 dominantibus
1069 4167 1412 4218 insidiabatur
1427 4166 1619 4232 Agrip-

549 4243 702 4309 fint,
719 4252 778 4298 et
797 4246 920 4318 qnia
951 4245 1215 4313 impudica
1247 4246 1440 4300 iteruin
1458 4245 1620 4296 femi-

1720 995 1805 1044 na,
1826 979 2067 1030 Pallante
2108 978 2363 1043 adultero,
2398 977 2532 1048 qnod
2562 975 2781 1041 inpium

1719 1055 1770 1105 in
1794 1056 2102 1120 principem,
2123 1055 2259 1120 quod
2282 1055 2544 1105 exitiabile
2557 1053 2784 1118 principi

1720 1138 1775 1180 et
1808 1131 2139 1195 principatui.
2208 1131 2311 1180 Sed
2348 1131 2530 1180 melior
2568 1143 2780 1180 senseat

1718 1206 1841 1270 quia
1876 1207 2203 1256 insidiaretur
2239 1205 2530 1270 Agrippina
2562 1203 2783 1255 Claudio

1719 1289 1776 1332 et
1796 1281 1921 1342 filio,
1942 1291 1999 1331 nt
2021 1297 2205 1347 nempe
2228 1283 2511 1346 imperaret
2528 1281 2691 1330 Nero.

1789 1358 1939 1408 Perea
1952 1360 2127 1409 iterum
2144 1359 2393 1409 mmai
2413 1371 2705 1419 mmm,
2734 1354 2784 1404 si

1722 1435 1854 1484 Nero
1877 1436 2196 1500 imperitaret]
2251 1436 2353 1488 Qui
2374 1441 2431 1485 et
2454 1450 2556 1500 qua
2572 1433 2777 1482 ratione

1719 1520 1927 1563 accuset
1970 1513 2187 1562 libertus
2235 1514 2393 1562 etiam
2438 1509 2779 1575 Agrippinam

1714 1595 1949 1652 matrem,
1982 1588 2023 1637 si
2068 1591 2211 1638 Nero
2250 1586 2552 1650 imperitet?
2614 1585 2779 1635 Certe

1714 1664 1836 1729 quia
1860 1665 1913 1712 in
1947 1664 2001 1713 id
2039 1679 2133 1728 par
2171 1661 2519 1728 impudicitia,
2538 1674 2634 1725 par
2672 1675 2779 1710 arn·

1714 1739 1843 1789 bitio
1865 1739 2175 1804 Agrippinae
2197 1755 2259 1789 ac
2282 1737 2613 1788 Messallinae.

1778 1816 1880 1866 Sed
1911 1818 2001 1883 qui
2039 1823 2251 1866 accuset
2287 1821 2505 1866 matrem
2543 1813 2684 1877 apud
2716 1811 2778 1862 fi·

1712 1893 1835 1942 lium
1888 1893 2198 1957 principem,
2242 1893 2381 1955 apud
2420 1893 2700 1952 Neronem,
2730 1890 2775 1940 ai

1712 1968 2035 2030 imperaret?
2088 1981 2208 2016 nam
2273 1964 2387 2016 fere
2440 1979 2543 2015 non
2594 1964 2777 2014 habuit

1714 2042 1853 2092 aliud
1876 2043 2069 2092 crimen
2092 2049 2274 2102 mater,
2308 2055 2459 2106 quam
2482 2041 2660 2089 datum
2682 2039 2776 2088 im·

1716 2119 1915 2181 perium
1936 2117 2133 2169 Neroni
2152 2116 2278 2178 filio,
2300 2124 2355 2166 et
2377 2115 2443 2166 ob
2464 2115 2519 2164 id
2553 2114 2773 2179 impudi-

1715 2193 1835 2242 citia
1856 2193 1987 2258 ipsa.
2031 2194 2160 2244 Tac.
2194 2198 2209 2222 ⁸
2238 2193 2365 2242 nihil
2403 2191 2541 2241 domi
2559 2190 2779 2254 impudi-

1714 2283 1851 2330 cnm,
1870 2270 1969 2318 nisi
1990 2277 2235 2335 quantum
2258 2267 2593 2318 dominationi
2614 2281 2773 2342 expe-

1714 2343 1886 2396 diret!

1780 2419 1937 2470 Forte
1955 2419 2039 2470 hic
2076 2434 2255 2470 sensus
2289 2419 2391 2469 sit:
2424 2433 2565 2484 pares
2598 2417 2775 2468 iterun

1710 2497 1961 2544 amandi
2002 2509 2185 2556 caum,
2222 2495 2266 2545 si
2304 2495 2417 2559 quia
2458 2494 2691 2557 auderet,
2727 2493 2775 2543 si

1709 2570 1971 2622 vindicare
2023 2571 2189 2620 vellet
2238 2569 2503 2621 Claudius.
2567 2569 2768 2634 Supraz

1714 2649 1730 2676 ⁶
1746 2646 1924 2696 Fatale
1945 2647 2045 2696 sibi
2067 2654 2123 2696 ut
2138 2647 2415 2711 conjugum
2438 2645 2634 2708 flagitia
2666 2643 2771 2694 fer·

1705 2728 1807 2786 ret,
1844 2723 1963 2772 dein
2002 2723 2211 2787 puniret
2232 2722 2263 2784 3'
2312 2723 2391 2771 vel
2422 2735 2565 2786 pares
2592 2721 2769 2770 iterans

1701 2797 1971 2859 exuendi,
1990 2811 2155 2846 eam
2186 2811 2283 2846 em
2300 2812 2320 2853 ,·
2348 2802 2571 2845 matrem
2604 2795 2768 2844 etiarn

1706 2873 1843 2937 apnd
1864 2873 2045 2936 filium,
2064 2873 2185 2938 qnia
2210 2871 2495 2936 impudica,
2506 2872 2629 2937 quia
2660 2885 2769 2922 am-

1704 2949 1895 2999 bitiosa
1914 2949 2117 3011 mulier,
2140 2963 2257 3014 quoe
2298 2948 2465 2998 filium
2489 2949 2657 3013 ipsum
2679 2949 2769 2998 im·

1706 3025 2020 3093 peritantern
2040 3026 2265 3076 tolerare
2286 3025 2553 3090 nequibat,
2574 3039 2691 3090 qna*
2712 3029 2768 3073 et

1706 3099 1774 3148 de
1809 3099 1954 3151 facto
1992 3110 2177 3165 postea
2213 3109 2459 3151 accusata
2492 3108 2597 3164 est,
2632 3101 2769 3150 velle

1708 3176 1897 3226 amasio
1914 3190 2007 3225 sno
2021 3176 2230 3226 Plautio
2249 3175 2459 3227 tradere
2478 3175 2766 3240 imperinm.

1770 3251 1919 3302 Infra
1962 3251 1998 3302 1.
2045 3263 2173 3302 xm.
2217 3255 2297 3303 19.
2362 3253 2379 3280 ‘
2408 3251 2765 3302 Destinavisse

1706 3343 1825 3380 eam
1844 3329 2140 3380 Rubellium
2168 3328 2415 3378 Plautum
2456 3342 2555 3392 per
2581 3332 2769 3376 mater-

1704 3421 1825 3458 nam
1842 3406 2091 3470 originem
2130 3404 2327 3469 pariae
2366 3403 2511 3454 Nero
2545 3402 2709 3466 gradu
2729 3415 2763 3452 a

1709 3483 1847 3533 Divo
1864 3482 2101 3546 Augusto
2123 3481 2189 3532 ad
2206 3495 2288 3531 res
2308 3495 2467 3531 novas
2484 3479 2763 3539 extollere,

1704 3559 2049 3624 conjugioque
2072 3557 2181 3623 ejus
2202 3557 2359 3607 etiam
2374 3554 2589 3620 imperio
2606 3554 2766 3605 Rern·

1704 3635 1828 3701 pub.
1853 3648 2027 3684 rursus
2048 3633 2327 3685 invadere.'

1770 3709 1987 3760 Etibid.
2014 3713 2096 3760 81.
2128 3709 2242 3772 ipsa
2280 3707 2575 3772 Agrippina
2594 3707 2669 3758 aie
2688 3707 2761 3756 lo·

1702 3786 1914 3852 quitnr=
1970 3785 2058 3836 ‘Si
2106 3785 2317 3835 Plautus
2353 3790 2443 3834 ant
2482 3784 2601 3848 qnia
2628 3783 2760 3833 aliua

1701 3861 1961 3926 Rempnb.
1987 3860 2315 3926 judicaturus
2346 3859 2653 3921 obtinuerit,
2670 3857 2761 3908 de-

1674 3991 1681 3998 ·
1700 3945 1823 3989 aunt
1838 3938 2042 3989 scilicet
2054 3937 2175 3987 mihi
2191 3942 2539 3997 accusatores,
2555 3934 2645 4000 qni
2660 3945 2763 3982 non

1700 4013 1863 4068 verba
1886 4011 2211 4078 impatientia
2228 4011 2461 4062 caritatis
2480 4008 2759 4074 aliquando

1700 4091 1929 4156 incanta,
1968 4089 2065 4140 sed
2118 4102 2185 4139 ea
2223 4087 2443 4138 crimina
2488 4084 2761 4150 objiciant,

1698 4167 1882 4233 quibus
1916 4165 2017 4216 nisi
2034 4176 2068 4214 a·
2085 4161 2195 4216 filio
2226 4167 2396 4213 mter
2418 4159 2620 4212 absolvi
2654 4171 2759 4210 non

1696 4242 1956 4309 passum?
