3200 4934
611 349 788 418 1422

1327 373 1398 422 0.
1445 375 1811 424 connum
1856 378 2113 431 ‘morri

2500 394 2599 460 [Α.·
2618 385 2690 447 U.
2712 398 2834 450 ωε.

609 528 745 592 quo
775 519 1198 595 componeret
1247 513 1609 595 diversos?
1630 521 1731 584 sic
1769 523 2063 606 evulgari
2086 517 2293 610 j'ussit
2310 537 2371 594 ε’
2435 533 2457 570 ‘
2480 529 2589 598 Ob
2618 553 2758 612 res,
2787 551 2837 599 a

613 608 970 688 Quadrato
1011 621 1079 678 et
1123 613 1500 681 Corbulone
1551 639 1867 704 prospere
1918 632 2165 706 gestas,
2223 629 2479 696 laurum
2522 632 2835 698 fascibus

609 709 1094 794 Imperatoriis¹
1119 715 1323 783 addi:
1416 717 1617 798 Quas,
1644 721 1716 784 in
1744 724 1912 788 alios
1961 725 2290 794 Consules
2332 721 2619 814 egressa,
2668 753 2835 800 con-

614 812 840 895 junxi.

599 991 803 1055 eiliaret,
821 994 892 1041 sic
911 995 1149 1056 publicari
1169 1013 1252 1048 res
1276 1007 1450 1063 gestas
1469 1001 1619 1062 jussit
1634 1020 1651 1052 .-
1704 1003 1794 1054 ob
1832 1019 1915 1054 res
1933 1005 2162 1058 feliciter
2200 1010 2589 1063 administratas
2618 1030 2653 1065 a
2684 1016 2833 1067 Qua-

603 1054 756 1104 drato
778 1063 833 1106 et
855 1057 1175 1122 Corbulone,
1211 1063 1439 1113 {auream
1464 1064 1689 1117 fascibus

601 1120 861 1170 conantibus
871 1123 1090 1184 confecto
1113 1125 1237 1190 sint,
1271 1135 1444 1178 tamen
1463 1130 1606 1180 aaut
1626 1131 1711 1181 hic

1725 1068 1982 1148 principis
2019 1074 2225 1137 apponi.
2293 1075 2414 1132 Quae
2445 1077 2572 1127 iicet
2592 1077 2677 1127 sub
2707 1078 2829 1130 aliis

1728 1147 2001 1184 menorans.

1611 1286 1827 1338 NOTAE

666 1411 690 1434 v
725 1405 832 1461 Quo
853 1415 1142 1470 componeret
1164 1411 1398 1475 diversos}
1454 1412 1540 1464 Sic
1563 1411 1677 1464 fere

605 1477 910 1530 Alexander
927 1483 1065 1545 apud
1085 1483 1232 1536 Curt.
1250 1486 1340 1536 lib.
1365 1501 1463 1538 vn.
1484 1489 1678 1539 dissen-

609 1554 799 1603 tientes
855 1556 1047 1606 milites
1105 1560 1376 1611 conciliat:
1433 1564 1449 1600 ⁴
1474 1562 1675 1615 Castris

607 1628 732 1678 inde
769 1631 944 1691 motis,
964 1631 1158 1683 lectica
1195 1632 1483 1701 ferebatur,
1520 1655 1676 1704 quam

607 1717 703 1766 pro
727 1718 781 1752 se
800 1706 1020 1770 quisque
1042 1715 1200 1771 eques
1222 1710 1486 1778 pedesque
1503 1716 1678 1766 subire

606 1777 896 1828 certabant.
962 1781 1180 1845 Equites
1213 1799 1333 1835 cum
1363 1788 1546 1851 quibus
1581 1805 1677 1840 rex

605 1853 785 1913 prolia
825 1854 958 1902 inire
989 1856 1171 1906 solitus
1216 1869 1348 1922 erat,
1389 1863 1465 1911 sui
1501 1878 1678 1914 mune-

601 1926 673 1976 ris
696 1927 752 1976 id
789 1940 902 1978 esse
939 1931 1242 1983 censebant.
1311 1936 1530 1986 Pedites
1551 1953 1675 1989 con-

602 2009 700 2066 tra,
751 2015 866 2052 eum
905 2007 1111 2056 nuntios
1159 2009 1533 2062 commilitones
1572 2013 1675 2078 ipsi

606 2085 814 2142 gestare
859 2083 1223 2149 assuevisseut,
1255 2087 1389 2152 eripi
1429 2088 1526 2139 sibi
1557 2103 1674 2153 pro·

609 2155 778 2217 prium
799 2154 1045 2221 officium,
1062 2166 1170 2209 tum
1194 2162 1535 2226 potissimum,
1556 2179 1675 2216 cum

602 2243 696 2278 rex
741 2232 1019 2291 gestandus
1086 2243 1244 2300 esset,
1301 2240 1673 2301 querebantur.

604 2299 726 2351 Rex
748 2303 802 2352 in
829 2310 977 2355 tauto
1015 2309 1286 2374 utriusque
1311 2311 1477 2374 partis
1499 2321 1672 2364 certa·

601 2377 762 2438 mine,
782 2386 840 2429 et
861 2380 958 2428 sibi
998 2381 1280 2446 difficilem,
1312 2392 1369 2434 et
1391 2389 1670 2448 pra-teritis

599 2465 809 2516 gravem
875 2456 1184 2507 electionem
1229 2459 1668 2528 futur-amsans,

600 2527 822 2577 invicem
839 2529 1016 2580 subire
1039 2545 1128 2582 eos
1144 2534 1343 2596 jussit!

662 2608 697 2635 '¹
729 2603 814 2653 Sic
835 2605 1228 2670 evagarijmit]
1274 2611 1431 2672 Puto,
1470 2611 1668 2663 diurnis

599 2676 730 2727 actis
759 2677 835 2729 sic
871 2681 1192 2743 publicatum
1222 2685 1275 2734 in
1314 2687 1530 2750 vulgus:
1578 2689 1665 2739 vel

599 2749 778 2804 edicto
821 2753 982 2819 ipsius
1041 2758 1312 2824 principis,
1354 2762 1434 2810 vel
1492 2763 1665 2814 edicto

597 2829 881 2891 consulum,
904 2833 1113 2881 Nerone
1137 2836 1210 2884 sic
1220 2835 1457 2898 jubente.

665 2909 690 2935 ⁸
727 2905 953 2954 Fascibus
995 2907 1338 2972 imperatoriis]
1391 2913 1477 2961 De
1518 2911 1667 2963 fasci·

595 2975 692 3024 bus
760 2977 1126 3040 imperatorum
1181 2983 1290 3032 sive
1341 2985 1667 3050 principum,

569 3049 718 3116 ‚(nee
741 3052 878 3100 enim
894 3053 1018 3100 aiios
1040 3055 1119 3104 bic
1135 3056 1441 3123 inteiliges‚)
1463 3062 1664 3113 docebo

586 3124 843 3188 juvenes:
867 3125 977 3176 fors
1001 3127 1121 3188 fuit,
1145 3139 1200 3180 et
1223 3132 1470 3196 quosdam
1490 3149 1659 3187 senes.

597 3191 738 3252 Olim
762 3215 864 3251 non
889 3203 983 3252 nisi
1009 3207 1338 3268 magistratus
1361 3211 1538 3273 populi
1559 3213 1659 3261 Ro·

594 3276 754 3337 mani,
773 3285 865 3328 aut
889 3279 976 3343 qui
998 3295 1113 3331 cum
1137 3283 1354 3346 imperio
1376 3285 1428 3334 in
1453 3287 1659 3349 provin-

593 3351 688 3401 ciis
709 3361 880 3416 erant,
903 3354 1131 3407 fascibus
1150 3360 1256 3408 usi.

653 3427 794 3478 Quid
817 3444 944 3494 ergo
969 3435 1210 3497 princeps
1233 3437 1283 3484 in
1311 3437 1456 3500 urbe,
1477 3439 1520 3488 si
1541 3438 1653 3487 nul-

589 3500 695 3549 lum
715 3513 923 3564 gereret
937 3508 1250 3559 ordinarium
1267 3513 1651 3574 magistratum?

590 3573 768 3624 Nihilo
811 3593 960 3627 secus
1005 3581 1172 3632 fasces
1228 3583 1496 3637 duodecim
1552 3587 1649 3638 illi.

586 3646 752 3712 Origo
777 3651 852 3699 rei
877 3653 943 3702 ab
980 3652 1243 3719 Augusto;
1296 3661 1443 3723 cujus
1465 3661 1646 3712 honori

581 3729 795 3773 senatus
819 3725 1070 3790 decrevit,
1088 3746 1222 3781 anno
1241 3735 1396 3783 Urbis
1419 3741 1549 3799 ⁷⁸6„
1566 3738 1644 3786 uti

585 3799 839 3848 consulari
863 3809 1126 3862 potestate
1146 3821 1350 3870 semper
1372 3819 1528 3873 esset,
1544 3811 1646 3861 fas-

585 3873 843 3938 cibusque
867 3875 1138 3928 duodecim
1165 3889 1416 3933 uteretur.

623 3949 756 3998 ·Dio
771 3949 860 4000 lib.
882 3963 992 4001 nv.
1042 3953 1058 3980 ‘
1078 3951 1342 4018 Augustus
1381 3971 1506 4008 vero
1529 3974 1646 4009 con-

580 4017 804 4075 sularem
843 4035 1160 4092 potestatem
1197 4033 1402 4096 accepit
1435 4033 1489 4082 in
1529 4049 1646 4098 per-

581 4106 833 4165 petuumu
885 4103 960 4155 ita
998 4110 1060 4155 ut
1099 4104 1374 4156 duodecim
1419 4105 1644 4160 fascibus

580 4187 786 4241 semper
803 4185 860 4230 et
892 4180 1086 4247 ubique
1109 4185 1366 4247 uteretur,
1389 4184 1516 4234 etin
1537 4197 1641 4236 me·

1758 1401 1845 1450 dio
1883 1403 2167 1468 consulum,
2199 1404 2531 1470 imperatoria
2550 1411 2680 1459 sella
2698 1425 2825 1464 cou-

1758 1477 1989 1528 sideret.’

1796 1555 2054 1627 *Eumque
2086 1571 2281 1606 morem
2315 1564 2598 1608 tenuerunt
2630 1561 2825 1624 priuci-

1754 1642 1847 1691 pes
1869 1631 2034 1680 secuti
2054 1647 2068 1692 ;
2116 1632 2191 1682 ita
2214 1639 2272 1681 nt
2292 1633 2493 1682 laurum
2518 1640 2691 1685 nmen
2714 1635 2821 1686 fas-

1755 1704 1903 1754 cibus
1924 1717 2029 1756 non
2064 1707 2337 1768 adderent,
2358 1708 2455 1758 uisi
2478 1711 2531 1758 in
2564 1711 2823 1772 victorin

1756 1779 1835 1828 ati
1852 1781 1937 1829 hic
1956 1780 2170 1832 factum.
2237 1781 2313 1832 At
2332 1785 2507 1833 statim
2528 1797 2625 1848 per
2644 1787 2829 1836 adala-

1756 1858 1948 1906 tionem
1973 1859 2181 1922 irrupit,
2194 1865 2256 1908 ut
2274 1862 2501 1910 omnium
2525 1861 2821 1927 principum

1754 1931 1942 1992 fasces,
1989 1941 2045 1983 et
2086 1949 2292 1999 semper
2347 1937 2568 1986 laureati
2609 1944 2817 1988 essent:

1755 2022 1920 2072 eaque
1959 2015 2084 2058 nota
2117 2011 2335 2060 maxime
2360 2011 2637 2064 distinctus
2658 2029 2693 2064 a
2712 2014 2825 2064 vul-

1756 2099 1822 2148 go
1848 2085 2107 2148 princeps.

1816 2160 2147 2211 Herodianus
2184 2161 2253 2211 de
2292 2163 2554 2212 Gordiano
2588 2163 2677 2214 lib.
2708 2177 2819 2215 vrr-

1750 2233 2099 2286 ‘Deducebat
2132 2251 2248 2286 eum
2280 2238 2444 2287 omnis
2482 2239 2823 2301 imperatorin

1752 2323 1960 2375 pompa,
2024 2313 2377 2374 preeuntibus
2431 2313 2703 2377 militibus,
2755 2323 2819 2367 ct

1749 2387 2075 2444 praetorianis
2142 2388 2467 2449 cohortibus;
2538 2389 2815 2456 fascesque

1748 2457 1895 2507 lauro
1916 2462 2153 2512 exornati
2172 2469 2352 2525 erant3
2383 2465 2481 2515 boc
2500 2479 2687 2530 nempe
2710 2467 2815 2530 sig·

1747 2543 1867 2580 num
1890 2543 1989 2598 est,
2024 2548 2126 2600 quo
2156 2535 2323 2586 fasces
2358 2537 2675 2600 imperatorii
2705 2539 2813 2590 dis·

1747 2617 2031 2659 cernuntur
2055 2627 2084 2659 s
2103 2609 2330 2661 fascibus
2350 2612 2715 2676 privatorum?

1810 2684 2136 2746 Capitolinus
2158 2687 2210 2734 in
2250 2687 2583 2738 Maximinis:
2637 2689 2809 2742 ‘Inde

1746 2757 2109 2821 Carthaginem
2152 2762 2299 2812 venit
2340 2777 2458 2814 cum
2501 2778 2694 2830 pompa
2730 2781 2815 2817 re·

1745 2833 1865 2896 gali,
1884 2841 1942 2883 et
1962 2836 2342 2896 protectoribus
2370 2843 2427 2886 et
2446 2835 2673 2890 fascibus
2696 2841 2809 2892 lau-

1746 2907 1941 2958 reatis!
2003 2909 2224 2962 Quando
2255 2911 2305 2959 id
2331 2913 2569 2978 coeperit,
2588 2915 2805 2979 ignoro:

1744 2982 1993 3046 paulatim
2026 2985 2237 3048 quidem
2274 2999 2375 3036 non
2398 2986 2561 3038 solum
2583 2991 2806 3042 laureati

1744 3055 1952 3107 admissi
1977 3056 2165 3122 fasces,
2195 3061 2287 3111 sed
2322 3069 2378 3111 et
2411 3065 2595 3114 aurati.
2650 3065 2803 3116 Clau-

1744 3129 1923 3180 dianus
1962 3133 2286 3198 Panegyrico
2321 3137 2373 3186 in
2398 3147 2548 3187 sexto
2570 3141 2809 3190 cousula-

1739 3212 1846 3255 tum
1871 3209 2085 3257 Honorii
2107 3228 2119 3258 :
2170 3215 2185 3239 ‘
2212 3223 2501 3274 agnoscunt
2524 3221 2693 3264 rostra
2713 3228 2802 3265 cu·

1736 3282 1875 3331 rules
1900 3282 2120 3334 Auditus
2142 3286 2397 3350 quondam
2422 3288 2662 3350 proavis:
2708 3289 2801 3340 de·

1736 3362 1986 3419 suetaque
2027 3359 2187 3422 cingit
2230 3357 2422 3424 Regius
2458 3363 2652 3413 auratis
2682 3361 2799 3414 fora

1734 3427 1964 3479 fascibus
1988 3433 2145 3495 Ulpia
2167 3435 2355 3485 lictor?
2408 3435 2617 3498 Lipsius.

1798 3507 2025 3557 Fascibus
2046 3509 2389 3574 imperatoriis]
2427 3513 2633 3578 Nempe
2643 3513 2797 3574 fasci·

1729 3581 1813 3630 bus
1852 3583 2109 3644 lictormn,
2144 3587 2231 3648 qui
2268 3587 2631 3650 imperatorem
2664 3605 2799 3654 prm-

1726 3656 1889 3706 ibant.
1943 3658 2101 3708 Forte
2118 3661 2393 3720 etfascibus
2410 3663 2680 3730 utriusque
2704 3667 2794 3728 im·

1727 3733 1983 3794 perator-is
2008 3733 2315 3786 Corbulonis
2338 3746 2395 3788 et
2418 3739 2673 3791 Quadrati
2690 3743 2793 3791 lau·

1725 3819 1808 3856 rus
1820 3809 2060 3870 apposita
2078 3809 2145 3860 ob
2162 3811 2451 3878 victoriam,
2468 3828 2561 3864 seu
2584 3813 2793 3867 felicem

1726 3891 1985 3934 eventum.
2066 3887 2171 3936 Sed
2214 3901 2313 3936 non
2358 3889 2426 3939 de
2464 3889 2541 3939 bis
2574 3893 2792 3956 praecise

1723 3957 1809 4005 hic
1833 3959 1912 4020 agi
1938 3967 2136 4024 putem,
2158 3962 2249 4011 sed
2290 3963 2355 4012 de
2384 3963 2606 4024 fascibus
2624 3965 2787 4031 ipsius

1726 4032 1995 4102 principis,
2016 4037 2103 4100 qui
2126 4035 2396 4089 victoriam
2412 4041 2518 4092 suis
2542 4043 2794 4108 auspiciis

1723 4115 1927 4172 partam
1945 4112 2043 4161 sibi
2064 4114 2149 4162 uni
2172 4113 2483 4168 vindicabat.

1778 4181 1873 4237 'Sic
1911 4201 2027 4237 cum
2070 4184 2348 4255 Pompeius
2388 4192 2509 4242 olim
2552 4188 2787 4246 occurrit
