3200 4934
599 358 779 437 lm

1306 372 1375 420 Ο.
1420 367 1788 423 commui
1833 369 1978 419 uc
1987 368 2092 419 ru!

2469 372 2570 441 [A.
2589 374 2660 427 υ.
2675 377 2800 427 σου.

1596 574 1808 625 ΝΟΤΕ

598 728 793 790 firmat,
811 731 869 778 et
884 726 1031 787 Dio3
1064 724 1186 777 silet
1195 724 1413 775 Tacitus
1430 740 1447 774 ε
1480 722 1569 773 sed
1592 724 1662 773 de

602 805 681 855 his
700 804 898 868 egimus
920 816 1079 866 supra
1098 803 1134 851 l.
1154 815 1257 851 ιιι.
1280 816 1328 851 c.
1352 804 1435 851 64.

668 879 959 942 mustum]
988 879 1103 927 Una
1122 885 1291 939 certe,
1302 884 1357 927 et
1380 876 1563 926 eadem
1580 882 1664 925 est

602 954 767 1005 amita
786 955 899 1003 bac
920 952 1161 1014 Neronis,
1194 952 1263 1001 de
1294 965 1397 1015 qua
1414 952 1537 1000 Tac.
1570 952 1662 999 lib.

605 1042 709 1080 ιιι.
729 1036 786 1078 et
804 1030 904 1077 boc
924 1028 1014 1077 tib.
1040 1040 1170 1075 ιιιι.
1238 1027 1373 1076 Nam
1392 1026 1664 1095 utrobique

604 1103 824 1155 Domitio
846 1108 927 1151 est
962 1109 1019 1150 et
1054 1101 1308 1164 inpudica,
1348 1100 1569 1160 infamis,
1604 1116 1664 1150 sc

602 1179 837 1228 uiolenta.-
880 1176 1155 1239 utrobique
1191 1176 1441 1224 mutatur
1477 1174 1665 1239 Agrip-

606 1254 801 1317 pinam,
821 1258 879 1301 et
898 1251 995 1313 ipsi
1016 1249 1218 1300 infensa
1237 1258 1352 1300 est:
1388 1252 1666 1315 utrobique

594 1327 766 1377 habet
786 1326 1002 1391 predia,
1024 1334 1073 1375 et
1100 1339 1277 1375 servos
1312 1339 1408 1393 per
1438 1324 1669 1375 Calabri-

606 1416 724 1451 atn:
781 1402 1052 1465 utrobique
1100 1402 1295 1463 pariter
1334 1400 1668 1450 sbblnnditur

608 1479 823 1541 Neroni,
860 1493 1010 1542 quem
1057 1478 1301 1541 juvenem
1340 1484 1573 1540 egentem
1615 1478 1666 1525 in

606 1554 880 1617 penatibus
918 1555 1026 1603 suis
1065 1552 1289 1615 foverat,
1310 1554 1542 1616 relegata
1564 1568 1668 1601 ma-

606 1636 723 1689 trc;
772 1636 848 1689 et,
870 1636 1004 1683 teste
1036 1629 1152 1690 ipso
1188 1626 1451 1689 suetonio,
1472 1628 1668 1691 lanugi-

605 1718 727 1753 nem
774 1702 933 1766 ipsius
974 1701 1257 1763 tractabat,
1294 1700 1668 1751 subblandiendo

600 1780 801 1843 juveni,
822 1780 974 1843 longo
998 1786 1117 1841 post
1149 1785 1399 1841 tempore,
1421 1794 1570 1843 quum
1593 1776 1669 1827 af-

608 1852 753 1903 flicta
773 1860 853 1903 est
876 1852 1171 1904 testimonio
1195 1854 1441 1915 Neronis,
1461 1862 1515 1902 et
1539 1854 1672 1916 peri·

608 1929 710 1979 isse
730 1934 943 1993 putatur
980 1943 1009 1977 a
1050 1928 1257 1991 Lipsio=
1308 1942 1435 1991 ergo
1474 1929 1671 1977 utrobi·

608 2019 711 2069 que
750 2006 935 2055 eadem
973 2005 1205 2054 Domitia
1239 2010 1341 2065 est,
1374 2019 1488 2069 qua».
1525 2004 1670 2055 testi-

506 2132 515 2145 ,
606 2080 779 2134 monio
816 2078 1041 2133 Neronis
1084 2076 1332 2143 affligitur
1367 2080 1403 2129 1.
1445 2092 1549 2129 ιιι.
1584 2084 1671 2129 64.

607 2161 665 2205 et
694 2170 811 2219 quai
844 2156 974 2207 vivit
996 2154 1165 2205 adbuc
1188 2156 1276 2208 lib.
1302 2168 1429 2205 ιιιι.
1452 2170 1569 2219 cap.
1590 2160 1672 2207 19.

606 2234 689 2279 20.
712 2234 795 2281 21.

673 2306 743 2355 Et
774 2310 919 2357 certe
949 2304 1192 2371 arbitror,
1212 2306 1500 2356 nullatenus
1533 2307 1671 2357 occi·

608 2396 719 2431 sam
739 2395 852 2431 esse
877 2380 1159 2432 Domitiam
1194 2396 1226 2429 a
1260 2382 1488 2442 Nerone,
1510 2382 1669 2431 etiam

605 2456 650 2503 si
670 2456 785 2505 duze
807 2456 930 2519 sint,
946 2456 1052 2504 sive
1075 2470 1177 2506 non
1198 2472 1211 2515 ;
1246 2470 1414 2520 neque
1438 2463 1670 2519 tempore

608 2535 698 2579 aut
740 2530 855 2579 ioco
896 2530 988 2581 lib.
1016 2543 1119 2579 ιιι.
1153 2532 1275 2582 Tae.
1320 2546 1488 2595 neque
1522 2532 1671 2583 infru.

606 2604 694 2655 An
713 2612 859 2656 certe
880 2620 989 2657 rem
1011 2606 1087 2656 sic
1119 2606 1307 2657 leviter
1329 2608 1672 2670 praeteriisset

605 2682 836 2745 Tacitus,
871 2682 959 2747 qui
997 2681 1242 2733 describit
1270 2684 1467 2746 prolixe
1492 2698 1672 2734 necem

606 2756 767 2809 Silani
821 2772 998 2825 supra,
1062 2756 1311 2809 veneficio
1367 2756 1670 2822 Agrippinae

608 2834 882 2897 paratam?

673 2906 870 2970 Primo,
890 2922 993 2957 non
1017 2912 1142 2972 puto
1174 2920 1290 2956 esse
1312 2907 1535 2957 occisam
1558 2922 1671 2957 eam

606 2985 644 3033 1.
670 2996 807 3043 xu.;
858 2996 1025 3046 neque
1046 2986 1245 3045 postea,
1263 2996 1380 3031 cum
1401 2983 1571 3032 occisa
1594 2996 1672 3031 es-

609 3063 692 3107 set
714 3056 1022 3121 Agrippina,
1054 3070 1171 3104 cum
1192 3069 1307 3105 eam
1328 3058 1534 3123 purgari
1561 3056 1672 3120 jus·

606 3135 675 3185 sit
692 3133 856 3183 Nero.
903 3131 987 3182 An
1006 3138 1112 3181 tam
1134 3132 1321 3182 leviter
1340 3132 1391 3181 id
1406 3132 1672 3195 ,attigisset

606 3208 837 3272 Tacitus,
870 3209 957 3274 qui
994 3222 1158 3273 neque
1181 3208 1379 3258 crimen
1405 3210 1672 3275 Domitioe,

608 3298 777 3349 neque
826 3282 1131 3344 delatorem,
1180 3294 1345 3345 neque
1386 3282 1672 3333 damnatio·

608 3374 727 3413 uem
749 3367 840 3411 aut
864 3358 1137 3422 judicium,
1164 3356 1335 3421 neq'ue
1356 3372 1517 3421 genus
1541 3373 1672 3409 mor-

608 3436 678 3486 tis
696 3435 951 3486 describit
970 3439 1060 3485 aut
1076 3446 1281 3483 causam
1299 3432 1319 3480 ?
1350 3447 1453 3483 non
1472 3433 1523 3482 id
1540 3432 1673 3483 solet

607 3510 835 3563 Tacitus.

674 3586 867 3637 Paucis
900 3600 1021 3635 sone
1044 3585 1217 3635 verbis
1254 3584 1517 3635 historiam
1552 3600 1673 3635 exe-

609 3661 804 3728 quitur,
844 3662 935 3711 sed
977 3669 1149 3711 tamen
1191 3660 1575 3725 praegnantibns
1611 3676 1672 3710 ac

608 3736 810 3798 validis,
832 3743 887 3785 et
908 3751 1023 3801 quse
1046 3734 1307 3787 sufficiant
1327 3738 1499 3787 rebus.
1569 3738 1674 3787 No-

609 3821 683 3876 ta,
702 3820 762 3864 ut
793 3812 1058 3874 describit,
1096 3813 1398 3863 Narcissum
1436 3813 1500 3862 ad
1540 3828 1673 3861 mor-

608 3895 735 3953 tetn,
767 3895 999 3940 extrema
1032 3891 1366 3951 necessitate,
1400 3895 1456 3937 et
1490 3902 1676 3951 aspera

609 3966 844 4017 custodia
876 3966 1117 4017 adactum
1158 3981 1291 4028 esse,
1328 3966 1457 4015 licet
1494 3979 1674 4029 repug-

610 4048 760 4093 naret
806 4042 965 4092 Nero.
1054 4042 1211 4092 Haud
1252 4040 1407 4090 dubie
1447 4054 1557 4091 rom
1596 4042 1672 4091 sic

609 4116 794 4166 leviter
815 4116 1010 4179 attigit,
1048 4114 1166 4179 quia
1206 4113 1339 4164 infra
1374 4114 1548 4165 dicere
1586 4114 1674 4165 ad-

609 4190 708 4240 buc
730 4190 797 4241 de
818 4190 1039 4240 foeminae
1062 4188 1297 4254 ejusdem
1317 4190 1467 4241 rebus
1506 4194 1562 4241 et
1598 4190 1672 4241 in·

1741 722 1893 785 genio
1923 720 2126 781 debuit,
2145 720 2286 787 qnod
2319 726 2376 771 et
2411 719 2542 771 feeit
2576 720 2676 771 hoc
2708 721 2803 773 lib.

1743 809 1868 845 ιιιι.

1807 873 1992 937 Neque
2033 872 2194 924 etiam
2242 886 2364 922 mox
2405 871 2630 921 occisam
2673 878 2806 937 puto

1743 948 2028 997 Domitiam
2049 960 2082 997 a
2105 949 2346 1005 Nerone3
2401 960 2520 995 num
2547 947 2660 1010 jam
2693 957 2805 997 tum

1744 1024 1986 1085 perculsa
2005 1030 2062 1072 et
2081 1024 2254 1086 ejects
2279 1023 2496 1085 imperio
2515 1030 2632 1073 erat
2649 1036 2808 1073 omu-

1744 1099 1795 1147 la
1825 1100 1935 1161 ejus
1954 1099 2280 1162 Agrippina3
2316 1100 2424 1162 jam
2449 1100 2666 1149 nutabat
2687 1100 2807 1162 ejus

1743 1172 1958 1224 fortuna
1995 1181 2051 1224 et
2087 1176 2338 1237 potentia,
2387 1176 2553 1224 donec
2595 1174 2808 1225 tandem

1727 1249 1913 1299 occisa
1936 1256 2016 1297 cst
2037 1265 2068 1298 a
2088 1247 2194 1297 filio
2215 1254 2369 1297 muter
2385 1249 2580 1312 opti-u.

1807 1324 1967 1374 Certe
1991 1326 2252 1390 vulgatum
2290 1332 2384 1385 est,
2421 1324 2700 1373 Domitiam
2725 1322 2811 1391 fu-

1745 1398 1843 1448 isse
1877 1400 2097 1449 occisam
2137 1416 2167 1449 u
2203 1401 2434 1460 Nerone,
2455 1404 2574 1463 post
2605 1398 2805 1449 caedem

1744 1474 1944 1538 matris,
1979 1475 2115 1539 quod
2153 1475 2431 1524 Suetonius
2473 1472 2664 1523 refert:
2713 1473 2808 1524 sed

1739 1550 1850 1615 jam
1873 1550 1993 1599 odia
2025 1551 2316 1599 mortalium
2350 1551 2717 1600 incumbebant
2751 1552 2810 1599 in

1749 1626 2024 1675 Neronem.
2099 1627 2288 1691 Neque
2327 1628 2558 1689 sequitur
2596 1626 2810 1677 amitam

1749 1701 2018 1759 occidisse,
2065 1700 2186 1765 qnia
2231 1701 2430 1763 ridens,
2469 1702 2574 1750 alvi
2617 1702 2812 1753 duriti·

1749 1775 2025 1825 cubantem
2049 1776 2237 1840 largius
2256 1776 2463 1839 purgari
2479 1776 2714 1839 jusserit.

1815 1851 1876 1899 ld
1920 1858 2064 1901 certe
2104 1867 2334 1917 sparsum
2378 1853 2428 1900 in
2470 1854 2672 1917 vulgus,
2719 1854 2821 1919 seg}

1749 1943 1852 1978 non
1890 1938 2229 1995 compertum,
2262 1947 2361 1981 non
2400 1931 2722 1982 manifestum
2757 1932 2814 1981 id

1747 2004 1916 2053 scelus
1939 2006 2178 2056 Neronis.
2261 2008 2440 2059 Quare
2461 2013 2519 2056 et
2537 2007 2590 2057 id
2615 2007 2816 2070 sprevit

1747 2079 1979 2144 Tacitus,
2017 2088 2262 2149 tanquam
2306 2084 2459 2133 inane
2507 2090 2563 2133 et
2606 2081 2815 2146 falsum,

1751 2170 1845 2219 pro
1868 2172 2063 2207 summo
2081 2174 2171 2209 suo
2186 2158 2390 2223 judicio
2411 2174 2424 2208 ε
2476 2174 2570 2208 nec
2591 2167 2736 2208 certe
2755 2158 2814 2209 id

1750 2230 1998 2295 siinisset‚
2015 2233 2060 2282 si
2077 2240 2402 2296 compertum
2425 2232 2606 2283 fuisset
2626 2232 2817 2285 scelus.

1817 2308 2004 2372 Neque
2027 2308 2197 2371 potuit
2217 2309 2268 2357 id
2295 2309 2568 2371 praeterire
2590 2308 2645 2357 in
2667 2308 2817 2359 libris

1749 2398 1878 2447 quos
1897 2384 2162 2443 babemus,
2186 2384 2230 2431 si
2251 2397 2428 2432 verum
2452 2384 2538 2445 sit,
2561 2383 2704 2446 quod
2725 2386 2818 2434 ba·

1751 2458 1842 2509 bet
1873 2458 2148 2507 Suetonius
2174 2458 2238 2507 de
2261 2458 2354 2507 tsli
2375 2471 2504 2506 nece
2546 2458 2824 2511 Domitio.

1749 2534 1896 2583 Dicit
1917 2532 2197 2597 parricidio
2217 2533 2396 2585 matris
2419 2535 2687 2585 Neronem
2709 2543 2820 2593 stu·

1751 2609 1845 2657 tim
1869 2608 2122 2671 adjecisse
2139 2624 2320 2659 necem
2343 2610 2588 2660 Domitiae
2621 2606 2818 2675 amite,

1752 2684 1880 2733 dicit
1903 2684 2164 2735 Neronem
2185 2684 2345 2734 fnisse
2369 2685 2636 2749 juvenem,
2655 2693 2708 2737 et
2739 2686 2818 2735 ls-

1750 2758 1994 2821 nuginem
2022 2760 2138 2825 ejus
2175 2767 2430 2809 tractasse
2450 2760 2678 2824 amitam,
2697 2775 2817 2810 cum

1743 2834 1902 2897 jussit
1925 2849 2042 2885 eum
2063 2835 2254 2898 largius
2277 2836 2492 2899 pnrgari
2517 2850 2548 2885 a
2582 2835 2820 2897 medicis,

1753 2923 1816 2959 ac
1856 2909 2034 2959 necari
2083 2924 2282 2959 veneno
2302 2926 2319 2972 ς
2371 2910 2510 2977 quod
2551 2910 2688 2960 idem
2731 2914 2820 2960 est

1751 2982 2017 3035 Suetonio.

1817 3056 1891 3108 At
1913 3064 2060 3109 certe
2081 3072 2184 3109 non
2206 3058 2382 3124 potuit
2395 3059 2448 3109 id
2465 3059 2706 3110 omittere
2719 3060 2820 3110 Ta-

1753 3132 1888 3183 citus
1911 3134 2132 3185 inlibris
2168 3150 2295 3199 quos
2328 3135 2588 3186 habemus.
2675 3134 2820 3187 Nm

1751 3208 2020 3257 historiam
2044 3224 2208 3272 suam,
2229 3217 2286 3261 ut
2303 3226 2439 3261 nunc
2459 3218 2558 3270 est,
2581 3212 2820 3263 extendit

1754 3284 1909 3349 louge
1952 3284 2090 3334 ultra
2133 3292 2350 3336 mortem
2399 3286 2728 3351 Agrippinae,
2762 3293 2820 3337 et

1753 3357 1864 3407 sere
1887 3372 2048 3425 usque
2089 3361 2140 3410 in
2179 3361 2336 3411 tinem
2366 3362 2687 3426 principatus
2713 3362 2824 3414 Ne·

1757 3436 1917 3498 tonis,
1938 3450 2036 3487 nec
2057 3438 2233 3501 potuit
2254 3438 2525 3501 praeterire
2547 3450 2656 3486 rem
2679 3443 2822 3487 utro-

1753 3525 1869 3561 cem
1888 3512 2036 3575 hanc,
2057 3526 2208 3577 qnam
2233 3514 2374 3562 Nero
2395 3517 2650 3575 patrasset
2664 3512 2818 3576 juve-

1754 3586 1852 3649 nis,
1873 3591 1927 3635 et
1950 3586 2158 3635 vixdum
2183 3587 2353 3649 posita
2376 3585 2555 3636 barba.

1820 3661 1949 3730 Cum
1983 3676 2107 3725 ergo
2142 3660 2458 3723 praeterierit
2492 3660 2708 3713 Tacitus
2741 3668 2818 3715 ta-

1751 3738 1856 3788 lem
1875 3751 2056 3787 necem
2083 3736 2354 3797 Domitiae,
2386 3742 2446 3786 ut
2481 3735 2614 3788 falso
2644 3740 2818 3803 jutta-

1755 3816 1863 3860 tam
1885 3810 1938 3859 in
1960 3812 2160 3875 vulgus,
2179 3818 2236 3859 ut
2253 3811 2542 3874 plebeculas
2561 3827 2818 3864 rumorem

1755 3888 1977 3949 inanem,
2007 3888 2207 3952 signum
2231 3894 2312 3937 est
2349 3888 2692 3953 manifestum,
2715 3906 2818 3940 non

1754 3978 1867 4013 esse
1888 3964 2110 4014 occisam
2131 3964 2270 4012 illam
2294 3964 2503 4015 amitam
2529 3978 2560 4013 a
2582 3964 2818 4029 Nerone,

1740 4038 1852 4088 'nec
1868 4052 2027 4103 supra
2047 4038 2138 4089 lib.
2163 4051 2270 4089 ιιι.
2303 4052 2401 4089 nec
2421 4038 2567 4089 libris
2599 4053 2820 4104 sequen·

1745 4116 2116 4243 ‚hbliiltsridetur
2135 4191 2234 4242 sibi
2255 4190 2614 4249 contradicere
2633 4190 2815 4241 Sueto-
