3200 4934
2479 378 2654 450 1603

424 541 654 601 torum
703 536 1241 612 circumsteterat,
1291 536 1746 619 poscebatque
1789 542 1810 571 ‘
1847 543 2109 621 tempus
2161 538 2648 606 evocandorum

427 636 762 703 testium?
805 656 955 700 reus
986 637 1215 701 ‘illico
1244 636 1547 714 defendi,'
1577 640 1981 721 postulabat.
2071 638 2440 723 Valuitque
2461 650 2480 688 ³
2526 663 2645 725 pe-

432 741 719 803 cuniosa
748 735 1060 803 orbitate¹
1102 746 1165 802 et
1194 748 1477 816 senecta,
1508 758 1710 821 quam
1747 742 1920 805 ultra
1943 741 2148 805 vitam
2179 760 2402 807 eorum
2420 750 2452 791 4
2493 762 2646 825 pro-

432 838 657 917 duxit,
690 860 967 923 quorum
996 841 1246 904 ambitu
1268 848 1290 887 ⁵
1336 847 1712 905 evaserat.¹¹²

524 943 639 1005 53.
688 940 953 1019 Quietae
1022 941 1107 1005 ad
1180 942 1252 1004 id
1324 949 1586 1025 tempus
1655 964 1762 1007 res
1823 944 1890 1007 in
1953 944 2316 1009 Germania
2369 946 2648 1025 fuerant,

434 1042 707 1124 ingenio
778 1043 1068 1120 Ducum,
1129 1044 1271 1124 qui,
1340 1044 1746 1125 pervulgatis
1834 1046 2148 1129 triumphi
2223 1046 2648 1128 insignibus?

433 1146 663 1229 majus
692 1163 779 1207 ex
810 1163 891 1207 eo
920 1144 1125 1207 decus
1144 1152 1170 1179 ⁰
1213 1146 1593 1227 sperabant,
1653 1148 1714 1210 si
1763 1167 2001 1229 pacem
2071 1146 2646 1211 continuavissent.

420 392 479 452 1.
503 398 571 451 c.
595 396 711 463 sa}
1132 392 1543 444 Auxanum
1592 394 1739 443 ms.
1787 394 1966 445 xm.

434 1338 623 1389 dorum
649 1340 889 1388 testium=
925 1346 979 1388 at
998 1354 1107 1389 reus
1143 1339 1416 1391 confestim
1438 1340 1650 1390 defendi
1669 1342 1867 1391 volebat.
1941 1342 2174 1405 Via-itque,
2211 1342 2330 1407 qnia
2349 1356 2494 1393 senex
2509 1342 2651 1393 orbus

431 1409 483 1453 et
505 1405 641 1453 dives
662 1410 807 1464 erat;
841 1411 895 1452 et
918 1410 1089 1479 tamen
1110 1404 1303 1453 vivendo
1334 1411 1583 1467 provectus
1603 1412 1675 1455 est
1705 1408 1836 1455 ultra
1855 1422 2007 1456 ωιτη
2024 1408 2230 1469 iliorum,
2261 1422 2454 1469 quorum
2475 1406 2648 1465 favore

432 1468 705 1581 ‘stigma
727 1533 790 1581 ad
826 1533 879 1579 id
912 1533 1135 1595 temporis
1165 1546 1243 1581 res
1264 1534 1391 1595 apud
1412 1531 1723 1583 Germaniam
1735 1533 1953 1593 sueram,
1989 1534 2243 1597 prudentia
2261 1535 2539 1596 legatorum,
2565 1534 2647 1596 qai

431 1595 717 1659 vulgaribus
737 1597 849 1659 jam
887 1596 1117 1660 triumphi
1132 1597 1438 1661 ornamentis,
1453 1599 1680 1660 majorem
1700 1614 1761 1648 ea·
1783 1614 1835 1648 eo
1863 1599 2066 1661 gloriam
2089 1597 2415 1661 expectabant,
2435 1599 2478 1647 si
2497 1599 2646 1647 otium

434 1870 469 1917 8
498 1868 607 1925 Que
628 1867 773 1917 abest
794 1883 824 1916 a
846 1868 950 1917 Ms.
971 1869 1145 1919 vatic.
1170 1873 1415 1920 1864.-4
1449 1868 1537 1920 Ita
1566 1869 1729 1919 editio
1749 1870 2011 1933 princeps.
2075 1869 2204 1920 Mss.
2243 1869 2382 1919 Flor.
2407 1867 2564 1921 Corb.
2588 1874 2646 1919 et

434 1933 712 1981 Ernestus.
782 1932 1101 1982 Puteolanus
1139 1939 1196 1983 et
1220 1934 1347 1983 Mss.
1373 1934 1525 1983 Harl.
1563 1936 1718 1985 Bodl.
1761 1935 1870 1985 Jes.
1911 1936 2039 1983 ultra
2079 1948 2238 1983 emm
2271 1934 2452 1983 vitam.-
2481 1939 2540 1981 et
2571 1933 2647 1982 sic

435 1996 672 2059 Ryckius
692 2002 747 2045 et
765 1996 1167 2046 Gronovius—5
1202 1998 1288 2046 Sic
1309 1998 1477 2047 Rhen.
1499 2014 1528 2047 e
1552 2000 1687 2048 Bud.
1725 1998 1828 2047 Sed
1852 2005 1908 2048 et
1937 1998 2148 2049 Puteol.
2181 1998 2272 2047 ita.
2338 1996 2478 2047 Alibi
2499 1996 2645 2045 ambi·

435 2064 561 2110 tum.
629 2060 859 2110 Fatirnus
882 2061 1088 2110 volebat
1116 2061 1361 2125 impetum,
1382 2062 1519 2126 quod
1544 2063 1682 2113 ridet
1706 2062 1862 2111 Grut.
1932 2061 2143 2111 oberlin.

1445 2209 1658 2260 NOTAE

1648 2320 1789 2370 Hinc
1823 2324 1996 2369 tantas
2035 2331 2248 2382 operum
2271 2316 2431 2367 moles
2460 2329 2643 2380 aggre-

1581 2396 1814 2459 diuntur,
1835 2400 1894 2444 ut
1916 2398 2199 2444 exerceant
2227 2392 2462 2456 militem,
2483 2391 2644 2441 conti-

504 2313 521 2347 ¹
542 2316 804 2366 Pecuniam
825 2316 1048 2382 orbitate]
1071 2320 1155 2369 De
1179 2334 1281 2383 qua
1304 2320 1504 2370 Seneca

438 2392 509 2443 de
529 2394 680 2443 Brev.
703 2395 847 2457 vitae,
867 2400 917 2445 7.
951 2396 967 2423 ⁶
990 2396 1089 2445 Ille
1107 2412 1224 2446 reus
1242 2404 1372 2461 quot
1392 2399 1504 2453 dies

437 2470 675 2532 abstulit,
712 2477 841 2534 quot
880 2470 971 2519 ille
1014 2472 1334 2535 candidatus,
1377 2480 1505 2537 quot

434 2545 531 2594 illa
554 2560 681 2593 anus
704 2543 977 2593 efferendis
1014 2546 1311 2594 haeredibus
1336 2545 1501 2596 lassa?

434 2625 565 2685 quot
585 2620 669 2667 iile
685 2618 751 2667 ad
774 2618 1075 2669 irritandam
1092 2620 1359 2670 avaritiam
1381 2636 1502 2685 cap-

436 2694 658 2744 tantium
696 2692 965 2741 simulatus
1012 2695 1187 2756 aeger?
1236 2701 1365 2758 quot
1412 2695 1498 2744 ine

432 2770 704 2833 potentior
722 2768 933 2829 amicus,
948 2768 1036 2833 qui
1057 2783 1148 2818 vos
1183 2784 1286 2818 non
1306 2770 1357 2819 in
1375 2771 1499 2821 ami-

435 2845 582 2907 citia,
608 2845 700 2893 sed
722 2845 773 2893 in
792 2849 1047 2907 apparatu
1068 2844 1270 2895 habet?

502 2930 538 2955 ¹¹·
561 2922 771 2977 Quorum
792 2921 973 2971 anubin
1004 2920 1239 2983 evaserat]
1269 2922 1497 2973 Deridet

436 2998 723 3048 vanitatem
740 3010 909 3045 rerum
926 2997 1259 3045 humanarum
1267 2997 1503 3061 Tacitus,

439 3080 495 3124 et
518 3075 591 3122 ait
612 3073 961 3136 baeredipetas
986 3073 1114 3121 istos
1146 3072 1500 3125 intercessisse

440 3150 647 3216 quidem
676 3163 770 3211 pro
792 3163 899 3211 reo,
922 3153 977 3197 et
998 3162 1115 3197 eum
1138 3163 1387 3212 servasse,
1410 3166 1503 3214 spe

436 3226 784 3291 adipiscendae
802 3226 1104 3277 substantiae
1123 3226 1172 3289 ej
1180 3240 1253 3288 us,
1270 3227 1361 3275 sed
1381 3242 1499 3276 con-

438 3310 523 3353 tra
542 3302 806 3363 evenisse;
840 3298 950 3350 sato
972 3301 1106 3349 euim
1131 3306 1251 3350 ante
1272 3300 1499 3365 functos,

438 3378 615 3443 itaque
656 3378 835 3443 proeda
876 3390 969 3426 sua
1006 3376 1192 3427 misere
1222 3377 1498 3428 excidisse.

442 3455 701 3505 Gruterus.

522 3539 549 3565 ¹·
569 3529 879 3593 Perculgatis
929 3529 1158 3594 triumphi
1208 3529 1497 3595 insignibus]

443 3606 561 3655 Hoc
589 3613 685 3669 est,
710 3622 825 3671 quae
858 3607 969 3669 jam
1008 3605 1217 3655 nimium
1254 3606 1495 3671 frequen·

440 3682 533 3744 tis,
596 3683 983 3747 communiaque
1042 3697 1155 3733 esse
1213 3690 1497 3748 coeperant.

442 3758 714 3807 Rhemum.

506 3833 836 3897 pervulgatis]
884 3836 1017 3887 Quia
1040 3836 1233 3899 multis,
1256 3841 1311 3885 et
1331 3834 1497 3896 facili-

440 3912 545 3958 tate
560 3910 721 3970 solita,
760 3922 877 3958 eum
903 3910 1147 3960 honorem
1170 3917 1501 3961 concesserat

443 3985 687 4036 Claudius
707 3985 989 4049 princeps;
1022 3992 1080 4035 et
1099 3987 1219 4050 quia
1244 3986 1497 4037 tribueba-

440 4068 531 4111 tur
552 4060 797 4125 operibus
818 4061 980 4122 pacis,
1004 4061 1175 4123 potius
1197 4076 1347 4125 quam
1370 4061 1499 4110 mili-

445 4138 533 4187 tiae
564 4136 700 4187 curis
724 4142 813 4184 aut
838 4134 1127 4196 laboribus;
1161 4142 1217 4185 et
1238 4137 1313 4185 sic
1349 4138 1501 4200 nujus

444 4218 581 4267 decas
602 4214 881 4283 sperabant
902 4228 969 4266 ex
991 4214 1229 4281 operibus
1250 4215 1409 4279 pacis.

1579 2476 1842 2535 neantque
1879 2470 1932 2519 in
1963 2470 2093 2531 otio,
2114 2474 2175 2517 ut
2195 2468 2312 2519 hinc
2336 2472 2490 2529 suess
2504 2465 2644 2516 illinc

1582 2545 1757 2595 hostes
1779 2550 2022 2603 terreant,
2042 2543 2274 2592 subactis
2295 2542 2644 2605 exercitisque

1580 2626 1661 2668 tot
1679 2606 1986 2683 legionibus,
2001 2623 2056 2667 et
2073 2624 2132 2667 ut
2149 2618 2221 2665 sic
2246 2616 2310 2665 ad
2327 2616 2450 2667 belli
2467 2618 2644 2665 munia

1578 2696 1891 2759 promtiores
1912 2693 2186 2755 haberent,
2221 2706 2340 2742 cum
2361 2692 2642 2741 necessitas

1574 2773 1880 2837 postularet.

1641 2848 1846 2897 Bellum
1891 2844 2205 2895 facientibus
2247 2843 2335 2893 vix
2377 2841 2640 2893 dabantur

1580 2923 1829 2987 triumphi
1870 2921 2130 2985 insignia3
2161 2920 2316 2968 immo
2353 2925 2407 2968 et
2445 2918 2640 2968 bellum

1578 2999 1745 3062 ipsum
1785 2997 2092 3061 negabatur.
2157 2995 2329 3058 Igitur
2361 2993 2526 3057 majus
2551 2992 2640 3041 de-

1580 3088 1672 3123 cus
1691 3074 1854 3137 pacis,
1876 3086 2030 3136 quam
2065 3070 2221 3119 belli:
2258 3074 2313 3118 at
2351 3083 2454 3117 non
2491 3074 2638 3118 certe

1578 3150 1744 3213 niajus
1764 3164 1915 3214 quam
1935 3147 2144 3209 iusignia
2164 3145 2411 3208 triumphi.

1643 3226 1748 3277 Sed
1771 3228 1928 3276 decus
1951 3226 2112 3289 majus
2137 3238 2200 3273 ex
2221 3236 2373 3286 pace,
2393 3236 2546 3286 quam
2571 3238 2638 3271 ex

1576 3302 1717 3352 bello
1737 3302 2036 3365 sperabant,
2057 3314 2119 3349 eo
2143 3312 2304 3363 usque
2322 3298 2639 3361 pervulgatis

1579 3378 1828 3441 triumphi
1849 3376 2149 3439 insignibus,
2181 3380 2242 3423 ut
2279 3374 2436 3423 etiam
2457 3374 2640 3424 otiosis

1578 3460 1634 3503 et
1690 3454 1944 3504 inertibus
1986 3451 2202 3501 ducibus
2253 3449 2636 3500 tribuerentur:

1578 3531 1857 3594 sperabant
1894 3543 1960 3578 ex
1998 3542 2128 3592 pace
2175 3525 2416 3590 triumphi
2459 3526 2640 3591 decus,

1576 3609 1716 3673 quod
1735 3607 1866 3657 bello
1882 3606 2082 3671 assequi
2097 3620 2199 3655 non
2214 3610 2476 3668 poterant.
2498 3595 2639 3657 Nan)

1578 3688 1692 3733 tum
1745 3682 1994 3746 temporis
2039 3696 2208 3746 neque
2248 3680 2440 3731 bellum
2469 3692 2638 3745 neque

1576 3760 1700 3809 belli
1725 3758 1881 3808 decus
1911 3759 2312 3809 concedebatur.

1641 3842 1665 3867 ⁰
1687 3834 1849 3895 Maius
1869 3850 1931 3884 ex
1947 3850 2000 3885 eo
2019 3834 2178 3897 decus]
2197 3834 2283 3884 Sic
2301 3832 2460 3883 vertit
2477 3831 2636 3881 inter-

1580 3926 1700 3977 pres
1725 3912 1986 3962 Gailicus:
2022 3918 2083 3961 ut
2115 3911 2191 3959 illi
2211 3908 2387 3970 duces,
2406 3904 2636 3970 quando-

1580 3988 1786 4052 quidem
1825 3988 2112 4051 promiscue
2151 3992 2208 4035 et
2229 3984 2421 4047 passim
2451 3994 2636 4033 conce-

1580 4064 1840 4115 debantur
1855 4063 2098 4127 triumphi
2120 4064 2438 4121 ornamenta,
2465 4058 2636 4121 maJus

1578 4140 1739 4191 decus
1773 4145 2060 4204 sperarent,
2080 4138 2125 4186 si
2147 4148 2326 4200 pacem
2370 4135 2644 4201 continua-¹

1578 4214 1798 4281 vissent,
1821 4230 1970 4291 quam
1993 4213 2037 4265 si
2059 4212 2198 4265 bello
2219 4211 2433 4277 insignia
2456 4212 2644 4273 trime
