3200 4934
599 391 770 459 1092

1298 409 1363 458 C·
1410 405 1773 458 CORNELII
1821 407 2073 457 'mem

2478 412 2569 477 [Α.
2591 415 2660 465 υ.
2686 419 2801 466 eol.

1598 569 1809 621 NOTAE

597 687 754 740 etiam
791 683 1027 753 auspices
1049 701 1185 740 nunc
1219 687 1655 754 interponuntur:

596 766 686 830 qui
726 765 954 829 quamvls
999 766 1232 830 auspicia
1275 774 1456 830 petere
1491 768 1656 818 desie-

595 840 722 903 rint,
744 839 856 903 ipso
881 845 1052 890 tamen
1082 843 1306 906 nomine,
1324 844 1514 894 veteris
1537 859 1658 896 con-

592 915 881 970 suetudinis
899 917 1122 980 vestigia
1141 918 1431 981 usurpant?

658 990 933 1055 Auspicium.
977 992 1090 1042 Cic.
1129 991 1196 1042 de
1251 993 1488 1043 Divinut.
1529 995 1567 1044 l.
1614 1008 1654 1044 ι.

592 1066 610 1094 ⁸
634 1063 780 1118 Nihil
799 1065 914 1116 fere
936 1066 1194 1130 quondam
1216 1068 1426 1131 majoris
1449 1068 1544 1130 rei,
1559 1069 1657 1118 nisi

592 1141 876 1204 auspicato,
897 1155 963 1189 ne
996 1141 1238 1204 privatim
1269 1143 1474 1206 quidem
1509 1157 1655 1206 gere-

593 1217 766 1266 batur.
833 1215 992 1268 Quod
1014 1216 1170 1265 etiam
1192 1231 1330 1266 nunc
1356 1219 1655 1282 nuptiarum

595 1291 832 1355 auspices
876 1289 1166 1353 decl-rant,
1223 1292 1312 1356 qui
1368 1307 1425 1341 re
1471 1293 1655 1342 omissa

592 1382 782 1420 nomeu
801 1373 1003 1418 tantum
1027 1373 1224 1418 tenent.
1277 1369 1416 1417 Nam
1435 1374 1496 1417 ut
1515 1383 1653 1418 nunc

592 1447 749 1507 extis,
786 1459 1076 1509 quanquam
1101 1443 1156 1493 id
1189 1444 1357 1507 ipsum
1391 1443 1655 1508 aliquanto

589 1521 760 1572 minus
801 1535 953 1585 qnam
1011 1519 1152 1582 olim,
1197 1520 1271 1569 sic
1313 1527 1425 1568 tum
1469 1519 1653 1568 avibus

589 1611 792 1661 magum
815 1610 898 1646 res
918 1595 1175 1660 impertiri
1195 1593 1472 1644 solebant!

651 1681 680 1706 ²
712 1671 932 1734 Sabine]
965 1669 1194 1720 Verbum
1224 1667 1422 1730 subisse,
1443 1681 1655 1731 corrup-

589 1756 700 1800 tum
727 1747 926 1813 judico.
981 1746 1176 1794 Forsan
1215 1742 1447 1806 nupsisse,
1477 1740 1530 1790 id
1554 1747 1654 1804 est,

588 1823 790 1876 solenni
822 1823 966 1872 luteo
1000 1819 1255 1880 flammeo,
1299 1817 1386 1882 qui
1418 1831 1528 1866 mos
1565 1829 1655 1865 no-

586 1901 668 1950 vis
707 1899 900 1963 nuptis,
943 1895 1128 1946 faelem
1171 1896 1388 1945 velasse.
1456 1893 1651 1955 Scripsi

588 1982 647 2025 et
682 1976 820 2026 sensi
855 1975 930 2024 its
966 1973 1120 2024 olim:
1156 1976 1213 2020 at
1251 1983 1388 2020 nunc
1415 1968 1649 2018 delibero

588 2053 745 2103 etism
789 2057 948 2116 atque
993 2049 1170 2110 etism,
1224 2053 1280 2095 et
1322 2044 1544 2108 ambigo,
1582 2058 1649 2093 sn

586 2125 816 2176 subeundi
853 2125 1064 2175 verbum
1087 2135 1190 2171 non
1224 2120 1310 2170 hic
1349 2131 1649 2182 germanum

589 2208 648 2251 et
671 2201 808 2252 inter
829 2199 1064 2264 legitima
1082 2197 1398 2261 nuptiarum.

654 2276 1007 2329 Quintilianus
1047 2273 1394 2338 suspicionem
1421 2270 1552 2321 fucit
1595 2269 1651 2319 in

589 2367 827 2404 sermone
861 2348 1264 2400 Declamationis
1296 2351 1444 2397 267..
1429 2363 1444 2376 ·
1477 2347 1494 2376 ‘
1518 2345 1653 2395 dicit

585 2441 710 2494 pars
748 2427 985 2478 diversa.
1031 2427 1152 2477 Non
1187 2423 1334 2473 fuisti
1367 2435 1512 2484 uxor,
1547 2435 1650 2470 uon

584 2503 794 2556 subsisti
815 2517 936 2554 cum
969 2500 1112 2551 illo)
1145 2499 1384 2564 legerim,
1414 2511 1504 2546 nos
1522 2497 1650 2546 subi-

584 2582 689 2630 ἰαί.
744 2581 815 2630 Et
854 2579 1158 2629 subitionem
1191 2577 1327 2625 hanc
1348 2573 1651 2638 intelligam,

585 2655 699 2705 sive
739 2670 856 2706 cum
893 2654 1117 2704 deducta
1146 2651 1344 2702 subiret
1365 2649 1534 2700 meriti
1557 2649 1649 2698 do-

584 2743 746 2794 mum,
783 2732 892 2780 sive
915 2731 980 2780 de
1007 2731 1172 2794 jugo;
1226 2727 1383 2776 modo
1425 2725 1469 2773 is
1517 2723 1649 2774 ritus

585 2811 761 2856 tamen
784 2805 909 2856 satis
931 2813 1106 2856 certus
1129 2803 1213 2853 sit.
1277 2801 1485 2864 Lipsius.

649 2881 860 2944 Sabine]
915 2883 1162 2942 vertunt,
1218 2877 1514 2938 messiae,
1553 2876 1649 2925 sed

585 2971 652 3006 ex
674 2971 770 3006 suo
791 2956 1022 3021 ingenio,
1059 2960 1118 3004 et
1149 2959 1296 3019 puto,
1334 2949 1458 3016 quid
1491 2950 1645 3000 altius

583 3032 866 3095 repetitum
901 3043 967 3078 ex
1004 3029 1230 3093 antiquis
1286 3025 1514 3076 moribus
1551 3040 1645 3075 seu

581 3105 979 3155 solennitatibus
1003 3103 1312 3166 nuptiarum.

645 3179 875 3244 &bii-sse]
905 3181 1244 3242 Usurpatum,
1265 3182 1325 3227 ut
1355 3177 1488 3227 vitta
1522 3192 1643 3242 pur-

583 3271 764 3322 purea,
784 3257 1004 3306 candido
1041 3257 1212 3305 colore
1249 3254 1519 3317 distincta,
1549 3260 1642 3305 aut

575 3339 726 3383 veste
749 3332 1058 3396 versicolori,
1089 3331 1228 3381 sicut
1261 3331 1400 3395 apud
1423 3329 1639 3381 Latinos

576 3405 636 3457 in
671 3423 766 3458 usu
801 3415 936 3470 erut,
953 3423 1090 3458 nova
1118 3414 1301 3472 nupta,
1323 3422 1643 3473 sponsusque

579 3482 904 3545 amiciantur,
915 3484 1182 3544 autjmm
1197 3484 1395 3546 pariter
1408 3483 1643 3534 subeunt.

642 3557 821 3610 Quare
862 3558 999 3609 Juuo
1029 3559 1216 3620 jugatis
1273 3559 1446 3620 dicts3
1497 3559 1643 3623 qussi

577 3631 869 3697 equissimo
898 3634 1020 3698 jure
1063 3641 1120 3684 et
1149 3633 1493 3683 'concordibus
1529 3633 1638 3682 ani-

575 3707 673 3756 mis
691 3707 914 3757 invicem
937 3713 1290 3772 necterentur,
1307 3709 1637 3772 societasque

573 3789 630 3832 et
655 3784 1046 3834 communicatio
1068 3786 1192 3835 vitm
1214 3785 1351 3836 coitu
1371 3783 1529 3834 foret.

638 3854 738 3906 Vel
769 3865 928 3922 caput
966 3859 1247 3924 obnubunt,
1275 3865 1338 3908 nt
1375 3857 1634 3908 veteribus

571 3946 679 3982 mos
700 3942 834 3996 erat,
855 3935 992 3984 unde
1013 3938 1210 3999 nuptie.

637 4008 824 4074 Itaque
881 4008 940 4058 τὸ
991 4011 1184 4076 subisse,
1233 4008 1516 4074 intelligam
1562 4007 1631 4058 de

557 4083 798 4148 flammeo,
821 4099 921 4151 quo
956 4097 1115 4152 caput
1148 4085 1478 4136 obnubebant
1510 4097 1633 4135 con·

562 4160 744 4224 jusseu
779 4163 846 4212 de
879 4179 982 4229 quo
1013 4163 1088 4212 sic
1118 4161 1422 4210 Petronius:
1455 4162 1471 4189 ‘
1494 4161 1629 4211 Con-

569 4237 772 4288 surrexi
826 4237 892 4289 sd
934 4235 1163 4290 officium
1207 4235 1473 4301 nuptialez
1513 4237 1627 4304 jam

1738 689 1941 758 Psyche
1962 691 2149 757 puelle
2177 695 2335 754 caput
2354 690 2641 740 involveret
2658 689 2799 740 flam·

1736 768 1943 820 meolo!

1803 845 1899 895 Vel
1922 844 1991 895 de
2030 845 2131 894 alis
2163 849 2311 894 veste
2346 857 2439 894 seu
2471 844 2588 895 velo
2610 845 2804 910 aliquo,

1738 922 1878 987 quod
1916 922 2124 985 utrique
2162 921 2371 984 conjugi
2408 921 2795 984 imponeretur:

1737 995 1874 1047 forte
1918 996 1983 1046 ad
2036 997 2201 1046 instar
2233 997 2368 1060 jugi,
2409 996 2548 1060 quod
2588 996 2688 1060 ipsi
2728 1005 2801 1045 ex

1738 1088 1885 1137 atquo
1906 1073 2159 1136 subirent,
2178 1073 2316 1122 unde
2338 1073 2585 1136 conjuges
2603 1071 2749 1123 dicti.

1798 1150 1899 1199 Vel
1930 1150 2217 1214 intelligam
2236 1149 2305 1199 de
2326 1149 2432 1198 ritu
2454 1147 2667 1214 antiquo
2690 1149 2799 1212 illo,

1736 1239 1837 1290 quo
1852 1225 2015 1276 veluti
2034 1238 2131 1288 per
2149 1225 2255 1273 vim
2271 1223 2622 1287 auferebatur,
2630 1224 2797 1288 rapie-

1737 1300 1993 1364 baturque
2013 1313 2148 1348 nova
2178 1304 2347 1362 nupta
2371 1299 2426 1346 in
2446 1298 2655 1348 domum
2689 1312 2797 1347 ms·

1735 1373 1855 1435 riti;
1878 1389 2031 1440 quem
2052 1387 2248 1424 morem
2274 1373 2456 1422 retulit
2481 1372 2795 1422 Plutarchus

1733 1447 1787 1497 in
1808 1449 2047 1512 Romulo,
2080 1448 2171 1498 ubi
2211 1447 2278 1497 cle
2316 1453 2469 1512 rsptu
2490 1447 2792 1496 Sabinarum

1734 1523 1876 1585 agite
1916 1524 1934 1552 ‘
1959 1525 2144 1573 Manet
2181 1524 2341 1573 etism
2380 1537 2516 1572 nunc
2550 1537 2661 1572 mos
2706 1524 2797 1572 ille

1734 1597 1952 1661 Roma-3
2008 1615 2195 1663 nempe
2252 1613 2507 1662 sponsam,
2554 1613 2653 1648 non
2697 1613 2798 1663 per

1734 1675 1957 1738 scipsum
1998 1676 2217 1724 transire
2252 1675 2391 1724 ultro
2420 1675 2578 1724 limen
2612 1673 2796 1725 domus

1733 1751 1905 1800 mariti
1927 1748 2025 1812 sui,
2047 1748 2140 1798 sed
2162 1755 2365 1811 raptam
2385 1755 2541 1814 atque
2572 1749 2794 1802 ablatum

1734 1824 1936 1887 inferri,
1959 1822 2079 1888 quis
2114 1830 2223 1873 turn
2246 1823 2453 1872 Sabina!
2478 1825 2666 1886 puellm
2698 1837 2795 1888 per

1730 1901 1835 1949 vim
1853 1899 2058 1962 ablatoe,
2077 1912 2175 1949 uec
2198 1899 2336 1948 ultro
2368 1897 2545 1948 domos
2568 1899 2791 1949 virorum

1728 1976 1976 2041 ingressae
1998 1974 2213 2024 essent.’

1793 2051 1849 2102 Sl
1872 2057 2040 2100 tamen
2080 2051 2341 2115 sequimur
2380 2051 2613 2101 ordinem
2650 2052 2795 2104 coeri·

1728 2126 1914 2176 moniae
1937 2132 1994 2175 ct
2014 2125 2291 2176 verborum
2318 2125 2511 2188 Taciti,
2531 2127 2792 2178 videbitur

1731 2202 1952 2266 exprimi
1997 2199 2147 2266 ritus,
2190 2202 2279 2267 qui
2321 2202 2595 2265 praecedat
2635 2204 2795 2254 sacri-

1728 2277 2043 2338 ficium31ta
2082 2284 2145 2327 ut
2176 2277 2245 2326 de
2282 2275 2517 2328 flammeo
2556 2279 2663 2341 illo,
2698 2293 2793 2329 seu

1728 2355 1866 2404 vitta
1874 2355 2038 2418 Jugsli
2059 2354 2175 2418 capi
2194 2355 2376 2416 possit.
2410 2355 2617 2418 Quippe
2635 2357 2795 2419 cuspi-

1728 2445 1832 2480 cum
1852 2430 1993 2480 cerba
2022 2430 2157 2480 haud
2193 2429 2347 2478 dubie
2378 2429 2575 2493 aliquid
2611 2429 2791 2479 iunue-

1728 2506 1859 2556 bsut
1898 2506 1965 2555 de
2003 2507 2095 2555 tuli
2133 2505 2387 2555 coitione.
2426 2503 2524 2553 sub
2546 2504 2681 2554 idem
2707 2505 2793 2569 ju-

1730 2597 1849 2646 gum
1872 2597 1934 2631 ac
1958 2588 2232 2645 utrumque
2251 2593 2493 2644 sponsum
2512 2579 2793 2644 conjunge·

1726 2657 1872 2720 bant,
1888 2663 1945 2707 et
1960 2655 2372 2722 conjunctionem
2390 2654 2679 2704 maritalem
2702 2654 2793 2704 de·

1726 2731 1993 2784 notabant.

1790 2805 1855 2855 Τὸ
1870 2807 2047 2870 subire,
2068 2806 2301 2858 absolute
2322 2810 2379 2855 et
2400 2804 2700 2868 simpliciter
2720 2803 2788 2854 de

1724 2883 1906 2947 nuptiis
1928 2883 2158 2944 dictum3
2198 2889 2257 2933 ut
2288 2881 2340 2931 iu
2378 2881 2627 2944 religione
2650 2885 2711 2930 ut
2732 2879 2787 2930 in

1722 2973 1781 3009 re
1817 2960 1980 3025 gravi,
2016 2958 2155 3009 forte
2191 2964 2253 3008 nt
2289 2957 2343 3006 in
2374 2957 2522 3022 jugo,
2560 2957 2786 3008 omnium

1724 3049 1839 3099 quoe
1861 3035 2161 3096 subeuntur,
2185 3031 2505 3098 gravissimo.

1787 3111 2025 3174 Ssbiisse]
2056 3111 2283 3160 Videtur
2300 3110 2389 3159 ille
2412 3111 2540 3159 ritus
2562 3123 2790 3172 proeces-

1722 3185 1851 3237 sisse
1894 3185 2223 3245 sacrificium,
2260 3189 2351 3232 aut
2398 3184 2581 3231 saitem
2632 3184 2787 3234 simul

1720 3276 1823 3310 uns
1846 3260 2193 3310 celebratum:
2226 3269 2395 3320 neque
2420 3256 2557 3306 euim
2594 3256 2787 3307 intelli·

1722 3349 1837 3400 gam
1877 3333 1944 3383 de
1982 3339 2097 3382 toro
2136 3331 2391 3380 convivali
2436 3337 2528 3382 sut
2568 3331 2785 3397 geniali,

1723 3425 1873 3475 quem
1912 3407 2111 3458 subiret
2146 3401 2282 3456 uov's
2324 3412 2505 3471 nupta.
2565 3408 2785 3457 Petron.

1722 3487 1739 3514 ‘
1762 3483 2021 3548 Imperavi
2056 3483 2332 3546 Gnitboni,
2352 3488 2414 3531 ut
2444 3483 2633 3546 raptim
2670 3495 2786 3547 gru-

1720 3558 1898 3608 bstum
1920 3557 2154 3608 subiret-J

1781 3633 1967 3700 Neque
2012 3633 2168 3683 etism
2208 3629 2383 3692 subire,
2420 3630 2597 3694 fuerit,
2633 3633 2781 3696 sequi

1713 3711 1947 3773 auspices
1979 3712 2275 3772 preeuntes
2314 3707 2492 3769 ritum,
2514 3719 2605 3756 seu
2628 3721 2780 3771 repe·

1712 3791 1827 3834 tere
1849 3797 2025 3834 eorum
2057 3783 2220 3833 verbs
2256 3782 2567 3844 solenniter3
2600 3781 2678 3832 ite
2716 3789 2781 3833 ut

1710 3861 1854 3910 nulla
1874 3859 2069 3924 syllaba
2100 3857 2373 3907 excideret
2392 3871 2599 3921 sponsa.
2630 3859 2645 3885 ‘
2670 3857 2777 3908 Au-

1708 3935 1883 3998 spices
1920 3947 2107 3984 nomeu
2142 3939 2343 3983 tuntum
2382 3933 2667 3996 tenebunt}
2700 3933 2777 3984 ait

1712 4009 1919 4070 Cicero,
1954 4013 2013 4058 et
2042 4009 2157 4072 quis
2192 4007 2338 4058 dicat
2374 4007 2531 4057 subire
2568 4021 2663 4070 pro
2700 4021 2779 4058 se·

1710 4085 1839 4151 qui?
1869 4083 2006 4134 forte
2029 4089 2205 4134 tamen
2230 4083 2489 4148 proeibsnt
2518 4084 2775 4149 auspices,

1710 4173 1993 4224 eorumque
2014 4159 2183 4210 verbs
2204 4159 2484 4224 repetebat
2502 4172 2709 4223 sponsa.

1774 4235 2017 4302 Quisquis
2056 4233 2217 4288 fuerit
2258 4235 2351 4287 ille
2392 4234 2547 4300 ritus,
2578 4232 2774 4297 abins,
