3200 4934
631 348 810 418 1134

1351 365 1413 412 C.
1437 362 1818 414 ,commun
1868 361 2120 411 '12401'1‘1

2510 368 2601 432 [A.
2626 369 2693 420 υ.
2718 373 2837 424 001.

639 528 790 572 cum
837 507 1113 588 impetu²3
1153 506 1548 571 venientium
1594 508 1805 590 pulsae
1859 506 2083 583 fores:
2126 506 2466 590 astititque
2500 506 2835 574 Tribunus

638 628 756 691 per
813 605 1191 685 silentium,¹’
1249 612 1319 670 at
1364 608 1635 672 libertus
1678 610 2029 692 increpans
2056 609 2284 672 multis
2326 629 2407 673 ac
2450 607 2835 676 servilibus?

638 710 923 790 probris,

719 810 827 875 38.
873 810 1060 875 Tune
1109 811 1394 894 primum
1442 810 1771 876 fortunam
1828 827 2017 873 suam
2074 812 2517 894 introspexit,⁸¹
2560 811 2832 877 ferrum·

634 925 788 995 que·
811 917 1106 997 accepit,
1139 914 1314 996 quod
1342 914 1584 977 frustra
1605 914 1841 996 jugulo
1872 933 1954 976 ac
1986 915 2264 996 pectori,
2294 935 2416 997 per
2446 915 2831 998 trepidatio-

633 1036 808 1094 nem,
839 1015 1219 1092 admovenS,
1250 1017 1387 1079 ictu
1416 1011 1719 1079 Tribunif
1766 1014 2211 1096 transfigitur-¹
2229 1025 2255 1061 ⁸
2340 1015 2605 1099 Corpus
2631 1017 2833 1080 matri

628 1211 771 1260 φησι
780 1195 934 1256 fores,
957 1194 1192 1259 efficitque
1213 1196 1449 1246 Tribunus
1475 1211 1562 1260 per
1583 1197 1839 1261 silentium,
1860 1202 1912 1246 at
1938 1197 2126 1246 Euodus
2140 1195 2436 1272 plurimis-uc
2456 1194 2702 1245 servilibus
2721 1211 2829 1244 con-

635 1259 1033 1374 victffloeminam
1052 1261 1386 1310 insectabatur.

809 1341 834 1373 c

865 1323 1237 1388 primumfatum
1251 1340 1386 1374 suum
1406 1340 1431 1374 e
1451 1325 1665 1389 proximo
1688 1325 1825 1384 vidit,
1859 1330 1906 1374 et
1924 1325 2138 1386 gladium
2159 1325 2342 1385 sumsit,
2364 1339 2498 1386 quem
2518 1325 2627 1372 dum
2636 1322 2830 1383 frustm

620 1389 860 1453 saucibus,
884 1405 940 1438 ac
956 1389 1136 1452 pectori
1155 1404 1240 1453 per
1261 1394 1434 1439 metum
1455 1391 1685 1453 admovet,
1722 1404 1865 1438 manu
1907 1389 2104 1438 Tribuni
2135 1388 2481 1450 transfoditur.-
2516 1389 2713 1437 cadaver
2744 1402 2832 1450 pu-

1548 1514 1907 1536 OOOOO‘&O‘O‘O

1311 1601 1338 1648 1
1377 1599 1561 1649 Manet
1609 1599 1811 1662 Lipsius
1856 1599 2162 1661 transigitur.

1615 1733 1663 1783 N
1672 1735 1835 1784 01*AE

695 1857 718 1882 ²
753 1846 958 1911 [mpetu]
1003 1847 1124 1896 Non
1159 1845 1293 1911 quod
1335 1845 1530 1910 impetu
1563 1861 1691 1910 opus

633 1921 792 1972 fuerit
833 1923 899 1972 ad
939 1923 1230 1986 pulsandas,
1267 1929 1359 1972 aut
1386 1923 1691 1986 aperiendas

631 1997 768 2048 fores
790 2013 804 2058 ;
842 2013 955 2062 quoe
973 1999 1108 2047 enim
1130 2003 1284 2061 porta
1309 1999 1553 2048 adversus
1578 1998 1693 2047 Cae-

631 2075 834 2123 sarem?
866 2075 967 2123 Sed
991 2080 1134 2124 recte
1157 2073 1232 2122 sie
1273 2072 1528 2137 expressit
1547 2073 1691 2122 Taci-

631 2157 716 2200 tus
735 2149 1092 2199 advenientem
1122 2149 1424 2212 Tribunum,
1455 2149 1690 2199 Centuri-

630 2225 812 2276 onibus
830 2225 1174 2289 militibusque
1188 2226 1398 2275 armatis
1412 2227 1659 2288 stipatum
1674 2242 1690 2288 ς

631 2302 721 2366 qui
761 2301 1013 2351 adventus
1051 2316 1153 2351 non
1195 2303 1306 2352 sine
1345 2309 1562 2364 terrore,
1600 2309 1691 2353 aut

630 2378 1065 2438 consternatione,
1120 2378 1410 2441 praesertim
1459 2377 1691 2432 foemina-

630 2467 779 2513 rum3
823 2466 925 2502 non
965 2460 1136 2502 tamen
1180 2452 1399 2512 infracta
1437 2452 1592 2514 fores,
1632 2459 1693 2502 ut

631 2531 745 2578 vult
781 2527 1146 2586 Ablancurius,
1176 2529 1264 2577 sed
1289 2535 1488 2578 tantum
1521 2531 1691 2592 pulsoe.

696 2610 720 2636 ⁸
755 2605 911 2652 Pulsa
934 2602 1091 2666 fores]
1127 2605 1370 2668 Ver-tunt,
1393 2606 1536 2669 quasi
1560 2606 1609 2654 vi
1635 2613 1693 2655 et

631 2679 832 2740 impetu
869 2679 1085 2728 militum
1142 2679 1364 2742 dejeetae
1415 2689 1690 2745 ruptaeque

627 2753 766 2804 fores
787 2760 986 2805 essent:
1011 2761 1202 2805 errant.
1266 2757 1486 2805 Tantum
1508 2756 1692 2819 impul-

629 2847 700 2882 ιω
719 2837 920 2893 munet
935 2832 1110 2881 statim
1131 2833 1266 2880 ultro
1285 2839 1503 2895 apertae*
1563 2831 1691 2884 Quis

631 2907 762 2955 enim
807 2907 1018 2956 resistat
1060 2908 1280 2956 Caesaris
1318 2909 1558 2972 imperio,
1593 2915 1691 2957 tot-

631 2994 733 3045 que
763 2980 1164 3044 irrumpentibus
1185 2983 1620 3032 Centurionibus?

695 3055 856 3103 Pulsoe
889 3055 1044 3118 fores]
1120 3057 1241 3106 Non
1289 3059 1432 3118 dicit,
1483 3061 1685 3121 pulsata

631 3126 785 3178 fores.
853 3130 988 3178 Nam
1021 3131 1094 3180 sic
1116 3129 1254 3180 forte
1277 3132 1685 3196 intelligerentur

622 3219 856 3267 per-cmm
892 3202 1032 3254 fores
1074 3207 1262 3255 vitibus
1307 3211 1686 3272 centurionum,

629 3286 689 3330 ut
730 3279 1174 3343 percutiebantur·
1207 3281 1328 3330 olim
1360 3283 1516 3347 virgis
1539 3285 1685 3334 licto·

627 3369 761 3415 rum,
782 3355 1066 3406 accedente
1085 3358 1409 3421 magistratu.

693 3430 797 3478 Sed
821 3437 931 3478 tum
953 3436 1152 3480 tantum
1168 3434 1332 3496 pulset,
1347 3448 1436 3483 seu
1455 3434 1685 3497 impulsoe

627 3503 767 3554 fores
787 3505 986 3567 impetu
1019 3507 1397 3558 advenientium
1428 3511 1648 3558 militum
1670 3527 1683 3560 ε

627 3593 794 3644 neque
835 3580 884 3655 vi
921 3589 1089 3645 ruptae
1120 3591 1212 3634 aut
1249 3583 1498 3647 effractae,
1521 3587 1687 3635 miuus

629 3661 738 3706 tum
759 3658 1094 3720 superbiente
1104 3660 1350 3726 janitore,
1372 3669 1464 3712 aut
1491 3677 1556 3712 ne
1577 3663 1687 3727 qui·

627 3731 744 3782 dem
765 3732 1158 3786 interveniente.

692 3806 716 3840 ¹³
747 3809 848 3858 Per
874 3812 1130 3876 silentiunm]
1164 3813 1419 3862 Tribunus
1443 3821 1685 3876 tanquam

626 3885 707 3934 vir
729 3887 896 3950 gravis
936 3897 990 3936 et
1021 3889 1255 3938 militaris
1292 3890 1498 3938 silentio
1535 3896 1690 3953 astat,

625 3968 688 4010 ut
705 3960 760 4010 in
783 3975 839 4010 re
859 3962 1082 4025 lugubri,
1105 3977 1256 4026 quam
1279 3964 1466 4012 invitus
1490 3968 1545 4012 et
1564 3977 1685 4012 moe·

625 4050 746 4094 tens
800 4039 1182 4100 exequebatur3
1227 4045 1280 4087 at
1319 4038 1536 4087 libertus
1589 4053 1685 4103 pro

628 4113 805 4161 servili
839 4113 1044 4176 ingenio
1086 4115 1137 4161 in
1169 4113 1405 4162 convicia
1433 4121 1487 4163 et
1506 4125 1687 4163 contu-

625 4186 806 4238 melias
829 4190 1068 4255 erumpit,
1101 4189 1461 4255 dominumque
1485 4197 1683 4241 tantum

1772 1861 1875 1896 non
1899 1846 2197 1896 morientem
2224 1845 2420 1910 ignavis
2444 1843 2645 1910 probris
2670 1843 2831 1894 insec-

1773 1926 1933 1971 tatur.

1835 2003 1856 2028 ⁰
1891 1996 2173 2060 Servilibus]
2206 1996 2409 2058 Nempe
2432 2002 2487 2047 et
2505 1994 2556 2045 id
2578 2008 2669 2059 pro
2688 1995 2828 2059 inge-

1768 2072 1853 2121 nio
1876 2073 2078 2122 servili:
2120 2072 2254 2122 baud
2278 2073 2425 2121 aliter
2460 2072 2677 2122 libertus
2713 2085 2833 2135 age·

1771 2163 1828 2198 re
1850 2148 2063 2208 debuit;
2088 2157 2261 2197 servat
2285 2148 2539 2198 decorum.

1832 2223 1856 2256 ‘¹
1890 2223 2205 2287 [introspexit]
2255 2223 2373 2273 Huc
2398 2238 2556 2287 usque
2580 2239 2609 2272 e
2629 2223 2828 2287 longin-

1771 2309 1872 2362 quo
1889 2299 2091 2348 viderat
2108 2299 2409 2348 Messallina
2422 2297 2678 2348 fortunam
2691 2313 2829 2348 com·

1772 2375 2049 2423 minantem
2088 2375 2204 2433 sibi,
2254 2381 2308 2423 et
2350 2375 2492 2424 velut
2530 2389 2559 2422 e
2603 2374 2829 2438 specula,

1774 2452 1947 2514 procul
1970 2451 2353 2514 impendentem
2372 2467 2386 2510 3
2408 2457 2462 2499 at
2479 2465 2615 2498 nunc
2632 2465 2661 2498 e
2679 2464 2827 2513 prox-

1771 2525 1893 2588 imo,
1916 2533 1971 2574 et
1988 2527 2129 2575 velut
2150 2527 2318 2587 intus3
2366 2533 2420 2575 et
2456 2526 2509 2574 in
2532 2526 2703 2589 seipsa
2723 2524 2831 2574 for·

1771 2607 1947 2651 tunam
1963 2601 2206 2663 inspexit.
2262 2603 2468 2652 Nudam
2492 2610 2829 2665 apertamque

1770 2675 2027 2725 fortunam
2061 2677 2212 2737 vidit,
2257 2691 2461 2741 nempe,
2498 2687 2611 2728 tum
2626 2677 2718 2726 sibi
2740 2691 2827 2725 ne·

1772 2755 1991 2802 cessario
2016 2752 2352 2816 pereundum,
2376 2769 2470 2804 nec
2494 2755 2649 2802 iillum
2678 2753 2829 2817 tergi·

1772 2830 2011 2880 versandi
2032 2830 2238 2880 modum
2262 2845 2547 2894 superesse.

1836 2911 1858 2937 ⁸
1892 2903 2201 2966 Fen-umque]
2258 2905 2545 2968 Pugionem
2570 2917 2771 2968 nempe,
2793 2918 2826 2953 a

1766 2987 1949 3042 matre,
1973 2989 2031 3031 ut
2053 2989 2181 3044 puto
2204 2981 2505 3046 exhibitum,
2527 2997 2641 3047 quae
2664 2981 2825 3031 virtu·

1768 3065 1871 3108 tem
1892 3057 2163 3106 suadebat.

1835 3135 2118 3197 Fert-umque
2137 3136 2338 3198 accepit]
2390 3135 2507 3183 Non
2548 3133 2685 3197 quod
2710 3134 2825 3197 ipae

1763 3212 2023 3260 Tribunus
2041 3213 2329 3262 obtulisset.
2394 3211 2497 3260 Sed
2516 3209 2669 3273 forte,
2687 3211 2825 3276 qiiod

1764 3288 1878 3352 ipsa
1904 3295 2073 3336 mater
2116 3289 2315 3352 Lepida
2348 3289 2681 3350 exhibuisset,
2724 3302 2826 3353 quo
2864 3327 2871 3332 .

1762 3363 1907 3412 morti
1944 3365 2082 3412 decus
2111 3371 2383 3428 quereret.
2450 3365 2515 3414 In
2551 3365 2641 3413 tali
2676 3377 2825 3413 oeca-

1766 3437 1927 3503 sione,
1976 3439 2220 3489 Romanae
2275 3448 2468 3490 matres
2534 3440 2747 3488 vulnera
2791 3451 2826 3488 a

1764 3513 1883 3563 filiis
1905 3515 2197 3579 exigebant.
2259 3516 2347 3564 Sic
2372 3515 2654 3580 Urgulania
2670 3529 2827 3579 nepo-

1768 3591 1809 3638 ti
1832 3605 1923 3641 suo
1944 3592 2221 3656 pugionem
2237 3591 2391 3642 misit.
2433 3594 2560 3642 Tne.
2582 3593 2618 3640 1.
2638 3605 2717 3641 ιν.
2738 3595 2823 3640 22.

1766 3667 1783 3695 ‘
1806 3666 2045 3716 Plautius
2083 3667 2317 3718 Silvanus
2354 3676 2565 3732 praetor,
2606 3668 2823 3718 incertis

1767 3742 1957 3804 causis,
1992 3741 2273 3807 Aproniam
2310 3745 2579 3808 conjugem
2600 3745 2653 3792 in
2688 3757 2821 3806 proe·

1766 3831 1892 3879 ceps
1926 3819 2092 3882 jecit:
2127 3824 2227 3868 διο.
2270 3821 2423 3883 paulo
2460 3827 2609 3882 post:
2647 3818 2819 3868 ‘datis

1758 3893 2040 3957 judicibus,
2062 3896 2342 3958 Urgulania
2357 3897 2551 3946 Silvani
2582 3895 2715 3960 avia,
2732 3909 2823 3960 pn·

1768 3969 1967 4031 gionem
1992 3969 2168 4030 nepoti
2190 3970 2365 4031 misit,'
2385 3976 2483 4022 ἃς.

1831 4039 1851 4070 f
1880 4041 1987 4089 Ictu
2028 4043 2251 4105 Tribuni]
2303 4045 2493 4095 Gladio
2530 4045 2747 4096 Tribuni
2766 4045 2819 4093 in

1764 4131 1879 4166 eam
1902 4116 2097 4166 caedem
2122 4118 2348 4183 immissi,
2364 4135 2459 4184 pro
2482 4135 2647 4171 more.

1828 4193 1941 4242 Ictu
1956 4221 1963 4228 -
1980 4193 2197 4259 Tribuni]
2254 4197 2411 4248 Forte
2448 4197 2629 4248 eodem
2660 4195 2821 4260 ferro,
