3200 4934
652 424 829 489 1238

1370 435 1435 485 0.
1482 432 1844 486 CORNELII
1889 433 2142 484 ‘rscl'rl

2527 440 2620 503 [A.
2643 441 2715 494 U.
2737 448 2861 495 804.

652 584 909 652 toribus
934 581 1213 648 traditus
1251 585 1375 659 est,
1396 579 1592 644 'nono
1637 583 1795 662 post
1835 576 2062 658 anno,¹²
2103 598 2304 663 quam
2327 579 2576 645 bellum
2600 581 2672 646 in
2702 583 2860 648 Bri-

651 764 759 815 duae
777 765 957 829 regine
992 765 1307 830 Briguntun,
1331 765 1390 813 ἐκ
1404 763 1591 814 οἰκιῶ
1609 762 1860 829 coniectus,
1880 767 1928 812 et
1949 762 2202 814 victoribus
2231 762 2420 812 aeduus
2455 767 2544 826 est,
2561 777 2680 812 sono
2711 779 2860 829 nno,

1642 925 1860 978 NOTAE

652 1017 783 1074 tuo?
846 1020 1004 1086 Puto,
1023 1020 1180 1072 fuisse
1209 1022 1397 1074 fratres
1426 1023 1584 1088 ipsius
1616 1023 1714 1075 Ca-

649 1099 865 1149 ractaci.

717 1173 743 1206 ¹²
775 1175 913 1224 Nono
928 1180 1035 1238 post
1052 1174 1195 1238 mo]
1228 1175 1393 1242 Atqui
1409 1176 1599 1229 bellum
1615 1193 1716 1228 οω-

652 1249 734 1313 pit
772 1250 990 1300 Claudio
1030 1252 1258 1316 tertium,
1296 1252 1359 1302 L.
1379 1253 1597 1304 vitellio
1636 1270 1714 1305 se-

653 1325 877 1376 cundum
898 1327 1045 1377 Coss.
1068 1333 1127 1378 ut
1157 1328 1260 1377 Dio
1292 1329 1433 1378 clare
1464 1329 1712 1380 tradidit:

650 1415 752 1451 nec
772 1402 895 1453 inde
918 1403 983 1452 ad
1007 1403 1143 1454 lmnc
1166 1403 1301 1454 diem
1330 1405 1602 1470 plusquam
1627 1419 1717 1456 an·

650 1491 745 1526 nos
771 1485 971 1542 septem
1002 1481 1371 1544 numeraveris,
1400 1487 1463 1531 ut
1484 1481 1712 1546 suspicio

641 1552 767 1614 jure
791 1555 1066 1606 numeralis
1086 1556 1263 1606 mendi
1287 1557 1373 1610 sit.

715 1628 961 1693 Pugnant
997 1631 1158 1681 etiam
1190 1631 1303 1681 baec
1343 1645 1463 1681 cum
1494 1630 1576 1694 iis,
1596 1647 1712 1696 qum

650 1705 809 1754 tertio
850 1705 1053 1755 Histor-
1090 1705 1416 1757 scribuntnr:
1483 1707 1500 1734 ‘
1526 1707 1718 1756 Cattis-

651 1779 912 1843 mandua,'
940 1779 1126 1844 inquit,
1149 1781 1165 1808 ‘
1185 1779 1518 1842 Brigantibus
1552 1780 1712 1846 impe-

650 1853 865 1916 ritabat,
903 1854 1105 1919 pellens
1140 1854 1446 1904 nobilitate:
1482 1861 1539 1905 et
1558 1868 1712 1905 auxe-

653 1936 736 1978 rat
776 1930 1083 1994 potentiam,
1117 1935 1385 1994 postquam
1424 1936 1579 1995 capto
1616 1946 1712 1994 per

653 2004 827 2055 dolum
880 2019 1001 2070 rege
1056 2005 1367 2069 Caractaco,
1410 2007 1712 2057 instruxisse

650 2079 965 2144 triumphum
1008 2080 1209 2132 Claudii
1246 2081 1467 2132 Caesaris
1502 2081 1711 2132 videba-

650 2155 775 2206 tnr.'

718 2233 851 2283 Nam
875 2233 1162 2298 triumphus
1186 2234 1383 2286 Claudii
1404 2235 1602 2299 aliquot
1624 2249 1710 2284 an·

649 2309 727 2359 nis
749 2309 974 2360 anterior
994 2327 1009 2361 ε
1044 2325 1142 2374 nec
1165 2311 1218 2361 in
1248 2325 1311 2360 eo
1329 2311 1504 2361 hercle
1524 2311 1710 2361 ductus

650 2384 750 2434 iste
772 2385 1119 2435 Caractacus:
1156 2393 1215 2435 ut
1233 2385 1359 2435 nibil
1392 2385 1498 2436 dici
1529 2387 1714 2451 possit,

648 2459 769 2522 quin
802 2459 1046 2509 Tacitum
1079 2461 1135 2509 in
1160 2460 1385 2510 historiis
1408 2467 1500 2510 aut
1519 2475 1710 2511 memo·

554 2569 575 2585 ,
649 2537 727 2586 n'a
780 2535 1047 2600 fefellerit,
1089 2541 1183 2586 aut
1224 2537 1528 2600 provexerit
1570 2538 1713 2589 calor

650 2613 860 2676 quidam
880 2612 1188 2675 scriptionis.
1252 2612 1462 2676 Lipsius.

715 2687 855 2736 Nouo
881 2694 989 2752 post
1010 2685 1155 2750 anso]
1203 2687 1335 2740 Qum
1368 2688 1589 2740 Tacitus
1625 2689 1712 2740 hic

651 2763 865 2815 Ostorio
886 2765 1091 2824 tribuit,
1124 2764 1237 2814 baec
1267 2765 1375 2815 Dio
1414 2765 1631 2816 Plautio
1663 2780 1714 2815 a-

650 2839 880 2891 scribere
904 2839 1127 2890 videtur.
1176 2839 1485 2904 Triumphus
1507 2839 1574 2890 de
1597 2841 1716 2890 Bri-

650 2915 840 2980 tannis,
880 2915 1093 2965 vivente
1124 2916 1446 2978 Messallina,
1500 2917 1716 2968 Claudio

650 2989 955 3053 deportatus
973 2991 1192 3040 testibus
1204 2991 1417 3042 Sueten.
1439 2998 1497 3042 et
1518 2992 1714 3053 Dione;

651 3070 707 3113 et
746 3065 831 3113 bic
882 3064 1112 3126 Tacitus,
1162 3079 1329 3130 neque
1370 3065 1716 3129 triumphasse

649 3139 925 3189 Claudium
959 3139 1110 3202 dicit,
1140 3139 1232 3189 sed
1262 3146 1463 3191 tantum
1501 3141 1716 3194 decreta

648 3213 667 3242 ‘
690 3213 905 3265 Ostorio
930 3215 1176 3279 triumphi
1206 3216 1457 3280 insignis-⁹

714 3288 876 3341 Certe
910 3289 1047 3340 infra
1063 3291 1183 3341 hist.
1205 3305 1280 3341 ιν.
1304 3291 1497 3343 dicitnr
1517 3293 1712 3348 cmis-

647 3350 873 3417 m⁰andua
906 3367 923 3396 ‘
947 3374 1103 3432 capto
1134 3382 1229 3432 per
1259 3368 1433 3419 dolum
1466 3383 1592 3436 rege
1613 3373 1710 3424 Ca-

646 3448 858 3493 ractaco
879 3443 1187 3494 instruxisse
1208 3443 1525 3510 triumphum
1554 3448 1709 3499 Clau-

647 3516 721 3567 dii
744 3517 999 3568 Caesarne

707 3590 817 3643 Sed
849 3593 952 3643 isto
984 3592 1101 3643 loco
1135 3593 1319 3648 histor.
1337 3603 1489 3648 vocat
1518 3598 1708 3664 impro-

645 3665 761 3730 prie
782 3667 1092 3731 triumphum
1112 3668 1329 3722 Claudii.
1374 3672 1509 3724 Nam
1527 3688 1711 3724 revera

647 3755 753 3791 non
774 3741 1120 3807 triumphatus
1154 3751 1235 3795 est
1259 3747 1594 3809 Caractacus,
1617 3749 1711 3798 sed

647 3821 823 3866 tamen
864 3818 1138 3880 captivitas
1170 3821 1324 3884 regis,
1352 3821 1604 3887 triumphi
1635 3825 1711 3872 in-

644 3887 893 3955 stu-,fere
907 3896 1189 3954 ostentata,
1198 3900 1256 3943 et
1272 3892 1563 3959 Agrippina
1572 3897 1711 3946 baud

644 3968 829 4034 procul
844 3966 947 4017 alio
960 3975 1209 4033 suggestu
1224 3971 1522 4034 conspicua,
1536 3986 1712 4037 quem·

643 4041 921 4094 admodum
941 4043 1242 4092 Messaliina
1274 4045 1537 4108 Carpento
1560 4055 1711 4100 vecta

645 4124 759 4169 erat
779 4118 834 4167 in
856 4132 979 4168 vero
995 4119 1271 4181 triumpho,
1290 4133 1443 4182 quem
1462 4121 1708 4176 Claudius

645 4201 828 4256 egerat
867 4201 992 4246 ante
1026 4195 1093 4246 de
1130 4195 1421 4262 Britannia,
1457 4207 1514 4249 et
1550 4215 1706 4265 quem

540 4273 543 4279 '
644 4266 781 4318 hand
816 4269 975 4322 dubie
1010 4270 1325 4336 amplissime
1360 4273 1706 4342 descripserat

1791 1024 2001 1074 Tacitus
2017 1023 2160 1074 libris
2185 1022 2271 1088 qui
2293 1022 2511 1086 periere.

1857 1099 1944 1149 Sic
1965 1099 2068 1149 Dio
2090 1101 2125 1149 l.
2143 1110 2229 1148 Lx.
2294 1095 2524 1147 Primum
2541 1096 2684 1148 illum
2701 1095 2858 1148 Cian-

1793 1173 1868 1224 dii
1910 1175 2220 1238 triumphum
2261 1173 2542 1223 describit:
2589 1173 2606 1201 ‘
2633 1173 2757 1236 Ipse
2784 1174 2858 1224 ab

1794 1250 1940 1300 Urbe
1982 1250 2185 1301 Ostiam
2223 1249 2470 1298 devectus
2507 1254 2592 1299 est
2625 1249 2858 1312 navigio,

1793 1327 1914 1378 inde
1947 1328 2232 1378 Massiliam
2269 1326 2468 1390 reliquo
2501 1325 2706 1387 itinere,
2733 1340 2860 1390 par-

1792 1405 1885 1454 tim
1906 1409 2061 1464 terra,
2086 1403 2272 1466 partim
2295 1415 2391 1466 per
2413 1415 2585 1450 amnes
2605 1399 2769 1462 facto,
2783 1401 2855 1450 ad

1790 1480 2056 1530 Oceanum
2073 1479 2232 1544 venit,
2248 1478 2657 1541 transmittitque
2669 1478 2723 1526 in
2736 1477 2858 1527 Bri·

1789 1556 2038 1616 tanniam,
2060 1561 2116 1603 et
2139 1553 2204 1602 ad
2226 1553 2402 1618 copias
2425 1566 2542 1616 quae
2579 1551 2643 1600 ad
2673 1552 2860 1602 Tame·

1787 1630 1882 1680 sim
1918 1629 2289 1694 expectabant,
2329 1626 2581 1691 perrexit.
2647 1627 2854 1680 Quibus

1786 1703 1855 1754 ad
1885 1719 1943 1755 se
1979 1705 2228 1768 receptis,
2251 1709 2601 1766 transgressus
2623 1701 2857 1768 fluvium,

1791 1795 1908 1831 cum
1930 1777 2182 1842 barbaris,
2203 1779 2293 1843 qui
2326 1777 2391 1827 ad
2425 1777 2538 1841 ejus
2569 1778 2856 1828 adventum

1791 1861 2162 1918 convenerant,
2195 1854 2355 1918 signis
2388 1853 2615 1916 collatis,
2644 1853 2860 1905 dimica·

1791 1931 1840 1979 vi
1849 1937 1887 1994 t,
1926 1931 2246 1995 victoriaque
2277 1930 2473 1992 potitus
2511 1937 2625 1990 est;
2659 1936 2718 1979 et
2754 1931 2858 1980 Ca-

1791 2006 2122 2056 mulodunum
2139 2005 2461 2069 Cynobellini
2480 2005 2676 2069 regiam
2691 2007 2858 2071 cepit,

1791 2083 2083 2147 multosque
2103 2080 2225 2130 inde
2245 2081 2298 2129 vi
2319 2095 2381 2130 ac
2403 2080 2668 2130 deditione
2693 2081 2745 2129 in
2763 2095 2858 2145 po-

1789 2164 2035 2208 testatem
2058 2172 2199 2207 snam
2218 2157 2442 2221 accepit.
2509 2156 2595 2206 Ob
2625 2156 2739 2206 haic
2762 2157 2859 2206 ali-

1791 2237 1995 2300 quoties
2025 2235 2308 2299 imperator
2342 2234 2514 2284 dictus
2548 2239 2633 2283 est
2667 2239 2857 2284 contra

1789 2310 2084 2361 institutum
2109 2310 2276 2361 Rom!
2292 2313 2392 2360 «stc.

1855 2387 1979 2450 Ipse
2001 2387 2216 2436 Romam
2235 2385 2525 2447 contendit,
2545 2383 2749 2448 generis
2771 2398 2857 2434 su-

1788 2461 1850 2526 is,
1872 2461 2122 2526 Pompeio
2141 2469 2196 2511 et
2213 2461 2406 2521 Silano,
2425 2472 2542 2510 cum
2557 2461 2739 2510 nuntio
2753 2460 2860 2510 vic·

1793 2537 1939 2586 terite
1961 2535 2259 2601 praemissis.
2314 2535 2548 2598 Senatus,
2565 2533 2720 2584 rebus
2741 2548 2858 2599 ges-

1791 2613 1858 2661 tis
1880 2611 2101 2678 cognitis
2123 2610 2432 2674 Britannici,
2457 2616 2858 2674 cognomentum

1793 2685 1860 2752 ei,
1880 2688 2215 2751 triumphum,
2247 2685 2396 2735 ludos
2431 2699 2643 2747 annuos,
2673 2699 2858 2735 arcum

1794 2762 2028 2826 tropbaea
2050 2762 2325 2824 ferentem,
2343 2761 2396 2810 in
2413 2761 2578 2822 Urbe,
2592 2760 2860 2825 aliumque

1791 2838 1846 2887 in
1865 2839 2052 2902 Gallia,
2063 2837 2200 2887 unde
2219 2837 2274 2887 in
2296 2836 2612 2886 Britanniam
2626 2835 2860 2899 trajece-

1793 2921 1875 2964 rat
1896 2931 1911 2976 ;
1949 2913 2056 2966 filio
2095 2913 2233 2964 idem
2271 2926 2574 2977 cognomen,
2609 2917 2672 2960 ut
2708 2911 2860 2976 quasi

1794 2991 2004 3055 proprio
2026 3005 2116 3040 suo
2139 2988 2344 3038 nomine
2364 2987 2692 3037 Britannicus
2713 2986 2860 3038 dice-

1793 3072 1939 3116 retur
1958 3082 1974 3126 3
2019 3064 2336 3115 Messallinoe
2376 3063 2596 3127 primum
2639 3063 2693 3112 in
2737 3076 2860 3112 eon-

1793 3155 1938 3191 sessu
1967 3143 2155 3203 locum,
2185 3148 2247 3191 ut
2279 3139 2438 3190 Liviae
2471 3138 2750 3204 quondam,
2776 3145 2863 3188 ut·

1793 3232 1896 3282 que
1949 3219 2214 3280 Carpeuto
2268 3215 2560 3276 veheretur,
2608 3214 2861 3265 decreve-

1793 3291 1946 3357 runt,'
1964 3295 2066 3343 eze.

1853 3373 1870 3400 ⁴
1897 3371 2140 3422 Ceterum
2175 3367 2464 3422 'Britannias
2497 3375 2647 3434 parte
2681 3368 2856 3434 aliqua

1787 3448 2022 3510 subacta,
2045 3450 2262 3499 Romam
2294 3447 2454 3498 rediit
2489 3445 2759 3505 Claudius,
2793 3444 2855 3496 C.

1789 3524 1972 3589 Crispo
1993 3539 2056 3574 11.
2078 3527 2136 3575 Τ.
2157 3525 2366 3575 Statilio
2391 3522 2718 3580 Consulibus,
2739 3535 2858 3570 sex-

1789 3607 1842 3650 to
1865 3616 2016 3666 quam
2037 3601 2342 3651 discesserat
2365 3613 2559 3661 mense,
2581 3597 2852 3648 sexdecim

1787 3682 1988 3726 tantum
2033 3675 2218 3727 diebus
2261 3676 2313 3725 in
2369 3674 2643 3724 Britannia
2671 3673 2852 3732 'actis3

1790 3749 2252 3816 triumphavitque,
2273 3765 2389 3801 cum
2411 3749 2606 3813 reliqua
2628 3762 2724 3811 pro
2749 3763 2856 3797 mo·

1791 3839 1850 3874 re
1871 3839 2047 3890 agens,
2069 3832 2178 3876 tum
2200 3838 2294 3890 per
2309 3823 2501 3888 gradus
2521 3823 2572 3871 in
2591 3821 2857 3886 Capitolio

1790 3901 2005 3964 genibus
2061 3903 2362 3964 ascendens,
2401 3899 2713 3950 levantibus.
2735 3911 2856 3947 enm

1788 3978 2046 4043 utrimque
2069 3979 2290 4042 generis.
2332 3977 2536 4027 Tribuit
2559 3983 2730 4026 autem
2749 3987 2856 4024 non

1788 4051 2144 4101 consularibus
2165 4053 2338 4115 modo,
2359 4051 2446 4117 qui
2481 4051 2534 4099 in
2569 4064 2634 4100 ea
2667 4049 2857 4099 militia

1789 4125 2070 4190 affuissent,
2104 4127 2199 4178 sed
2220 4135 2276 4177 et
2297 4125 2626 4177 senatoribus
2648 4135 2855 4191 quoque

1787 4204 1901 4254 aliis
1925 4203 2260 4270 triumphalia
2281 4203 2533 4267 insignia,'
2555 4205 2656 4251 διο.

1847 4279 1936 4332 Sic
1956 4280 2114 4332 etiam
2134 4280 2282 4331 Suet.
2306 4279 2490 4329 Claud.
2513 4281 2596 4329 17.
2629 4277 2648 4308 ⁴
2671 4277 2854 4330 Quare
