3200 4934
583 396 759 465 1⁵⁹⁴

1290 410 1355 459 0.
1397 410 1768 461 cominu
1813 411 2070 461 'raom
2100 428 2112 444 ·

2465 416 2560 481 [A.
2581 418 2646 469 u.
2665 422 2792 471 su·

579 551 1031 617 emendatione
1058 552 1349 634 dignum,
1402 570 1489 615 ne
1522 552 1880 636 Syracusis
1931 552 2318 637 spectacula
2345 552 2592 634 largius
2623 554 2786 621 ode-

580 659 797 719 rentur
816 654 846 716 ?
893 658 1111 717 cetera
1159 674 1279 736 per
1308 661 1561 717 omnes·
1609 650 1882 785 Imperii
1923 660 2146 736 partes
2189 654 2461 736 perinde
2491 655 2781 737 egregia,

578 846 1019 897 animadversione
1036 846 1265 923 dignam,
1304 861 1367 895 ne
1390 848 1587 897 ludicra
1605 848 1895 899 certamina
1909 847 2182 925 Syracusis
2195 846 2618 923 magnificentius
2638 850 2786 899 exbi

580 910 867 961 berentnr?
933 912 1019 961 An
1040 910 1212 961 omnia
1234 911 1353 975 alia,
1384 926 1481 975 per
1500 920 1718 962 cunctas
1741 912 1942 977 imperii
1977 911 2286 975 provincias,
2317 912 2538 975 perinde
2561 922 2703 963 recte
2721 920 2784 964 et

1570 1081 1624 1129 N
1631 1080 1788 1129 01·AE

574 1210 749 1263 ruendi
772 1226 833 1261 ae
858 1210 1185 1275 proponendi
1200 1226 1303 1275 quae
1323 1212 1481 1272 venet,
1496 1210 1636 1274 apnd

574 1292 767 1350 patres.
830 1287 937 1337 Sed
958 1300 1217 1353 nunqnam
1248 1288 1433 1337 babuit
1456 1287 1543 1349 ,ins
1562 1302 1638 1335 re-

540 1376 551 1385 ·
572 1363 762 1417 Ιοϋοιιίσ
798 1362 1025 1427 proprie,
1068 1364 1205 1427 qnod
1240 1364 1507 1413 consnlnin
1528 1370 1638 1411 tan-

574 1444 686 1487 tnm
706 1436 824 1500 fuit,
862 1452 1049 1502 nempe
1074 1453 1169 1501 per
1200 1438 1361 1500 vices,
1380 1436 1455 1489 ita
1476 1443 1535 1487 nt
1558 1452 1638 1487 re-

570 1510 737 1563 ferret
755 1512 823 1561 ad
856 1520 1032 1576 patres
1063 1512 1237 1562 consul
1258 1513 1347 1577 qui
1378 1527 1439 1561 eo
1462 1526 1636 1561 mense

571 1586 740 1637 fasces
759 1588 989 1647 liaberet,
1008 1594 1067 1637 ut
1085 1586 1308 1638 referret
1326 1603 1511 1653 nempe
1524 1604 1634 1639 rein

570 1676 721 1727 quam
745 1670 955 1714 senator
978 1665 1343 1728 proposuisset.

634 1741 708 1791 Et
746 1741 838 1802 sie,
870 1754 987 1790 cnm
1024 1741 1239 1792 baberet
1270 1740 1511 1804 princeps
1540 1740 1633 1803 jn·

570 1814 743 1864 tertia
762 1822 855 1864 ant
876 1815 1075 1879 quintae
1096 1815 1382 1877 relationis,
1420 1814 1518 1879 (sic
1538 1830 1632 1865 nn·

568 1903 713 1939 mero
726 1890 911 1954 impari
929 1890 1241 1955 gandebant,
1252 1891 1398 1954 qnasi
1412 1890 1634 1941 feliciori

569 1962 785 2031 omine,)
804 1966 931 2015 nibil
948 1967 1047 2017 boe
1068 1967 1136 2016 ad
1174 1966 1483 2017 sententiam
1514 1981 1632 2031 per-

568 2043 769 2092 tinebat
790 2043 1041 2107 precis03
1062 2050 1119 2092 et
1138 2042 1262 2092 licet
1284 2044 1397 2105 ipse
1420 2057 1529 2093 rem
1552 2057 1632 2092 re—

567 2115 747 2179 ferret,
770 2132 871 2169 non
894 2123 1067 2167 tamen
1088 2122 1369 2180 propterea
1384 2116 1500 2180 ejus
1516 2130 1632 2165 sen-

566 2192 733 2242 tentia
768 2191 985 2256 precise
1017 2192 1131 2239 aliis
1154 2198 1358 2254 patrum
1374 2188 1631 2254 suffragiis

566 2264 1005 2331 preponderabat
1020 2282 1035 2327 ;
1052 2278 1153 2315 non
1170 2264 1527 2329 pragi-avebat
1550 2278 1631 2314 re-

564 2342 696 2391 latio
717 2340 871 2405 illius,
903 2356 1007 2405 qua
1042 2355 1151 2390 rem
1174 2346 1375 2389 tantum
1404 2354 1630 2402 expone·

564 2422 649 2465 ret
670 2416 999 2479 simpliciter,
1036 2422 1094 2466 et
1115 2414 1401 2465 sententias
1420 2422 1628 2479 patrum

562 2493 615 2541 in
636 2506 753 2541 eam
772 2498 997 2555 rogaret.

627 2568 733 2621 Qui
766 2566 1093 2632 proponebat
1119 2581 1244 2630 rem,
1280 2566 1523 2617 firmabat
1544 2582 1628 2617 sn-

563 2659 647 2693 ann
677 2644 983 2694 sententiam
1024 2642 1329 2703 rationibus,
1362 2643 1626 2692 senatorio

564 2720 703 2784 stylo
722 2726 779 2770 et
802 2720 981 2781 brevi;
1016 2725 1077 2771 at
1110 2720 1199 2785 qni
1236 2717 1517 2781 referebat,
1536 2734 1626 2769 ex·

562 2796 791 2861 ponebat
812 2802 1015 2847 tantum
1038 2809 1145 2843 rem
1168 2794 1323 2857 unde,
1350 2808 1455 2843 non
1476 2806 1624 2857 pero-

562 2872 737 2934 rabat,
780 2880 837 2923 et
876 2870 1103 2935 suffragii
1134 2872 1431 2921 libertatern
1466 2869 1626 2921 dabat

560 2947 825 2999 Patribus.

626 3024 682 3071 Si
708 3026 1093 3086 praegravasset
1124 3034 1189 3069 ea
1226 3020 1410 3070 relatio
1433 3019 1626 3084 princi-

560 3097 663 3162 pis,
696 3098 773 3147 sie
806 3096 1103 3146 libertatem
1144 3092 1503 3158 suffragiorum
1529 3098 1627 3147 tol-

560 3174 727 3223 leret:
760 3173 837 3223 sie
870 3172 984 3235 ipse
1022 3172 1123 3223 toti
1160 3172 1365 3221 senatui
1388 3186 1625 3235 prepon-

559 3250 789 3311 deraret,
806 3250 857 3299 in
881 3263 1251 3313 quamcumque
1266 3256 1470 3311 partem
1480 3247 1626 3297 ineli-

560 3334 713 3379 naret
754 3327 1013 3391 princeps.
1102 3326 1233 3375 Cum
1278 3325 1457 3375 consul
1510 3324 1624 3389 ipae

561 3409 719 3465 esset,
758 3405 927 3467 potnit
984 3416 1065 3451 nes
1101 3414 1397 3465 proponere
1434 3416 1553 3464 quae
1592 3416 1622 3451 e

560 3480 766 3544 Repnb.
790 3480 1107 3538 viderentur,
1142 3477 1294 3528 simul
1326 3484 1382 3527 et
1422 3476 1622 3526 referre

563 3556 705 3621 apnd
744 3564 949 3619 patres.
984 3556 1123 3619 qnod
1168 3562 1224 3603 et
1264 3554 1403 3604 idern
1447 3555 1624 3618 potnit

559 3633 691 3685 aliua
714 3647 743 3681 e
768 3632 920 3691 vulgo
944 3631 1145 3680 conmi-

622 3707 729 3759 Alii
754 3706 842 3756 id
818 3720 909 3769 Jna
936 3706 1111 3755 tortiae
1146 3718 1237 3754 seu
1267 3704 1461 3769 quinta·
1496 3706 1619 3755 rela-

556 3784 701 3837 tionis
728 3783 779 3831 in
810 3796 874 3831 eo
896 3780 1236 3867 constiterint,
1274 3782 1411 3845 quod
1433 3781 1618 3831 liceret

558 3859 779 3925 principi
802 3868 887 3907 ter
907 3863 999 3905 ant
1020 3855 1291 3920 quinquies
1315 3854 1381 3905 de
1404 3870 1461 3905 re
1475 3857 1618 3919 jndi-

556 3942 677 3987 eata
698 3934 763 3983 ad
782 3939 1017 3983 senatum
1038 3928 1251 3979 referre.
1314 3929 1417 3980 Sed
1440 3930 1507 3979 de
1526 3931 1618 3979 tali

548 4014 671 4077 jure
684 4011 811 4061 nibil
825 4008 961 4073 apud
977 4009 1214 4059 Tacitum
1228 4008 1445 4070 reperio,
1456 4022 1618 4073 qnare

556 4102 737 4153 parum
751 4086 819 4137 ad
832 4100 924 4136 nos
934 4094 1173 4147 spectare
1194 4098 1259 4133 ea
1272 4098 1352 4131 rea
1371 4084 1593 4135 videtur.

622 4166 781 4213 Forte
792 4164 880 4225 jus
904 4161 957 4211 in
978 4175 1041 4210 eo
1060 4159 1179 4221 fuit,
1202 4159 1341 4224 quod
1362 4159 1429 4211 de
1452 4162 1616 4236 pluri·

555 4240 653 4293 bns
686 4238 853 4303 rebus,
888 4237 943 4289 in
974 4234 1159 4289 eodem
1178 4242 1385 4305 senatu,
1406 4221 1615 4295 eonem-

1717 1224 1816 1276 qne
1839 1211 1926 1261 die
1951 1209 2148 1261 referre
2175 1218 2350 1275 posset
2389 1212 2651 1276 princeps,
2686 1218 2786 1265 ant

1717 1284 1784 1337 de
1805 1300 1862 1335 re
1896 1302 2012 1351 qn:
2045 1287 2198 1350 plnra
2217 1288 2396 1350 capita
2425 1287 2662 1347 baberet,
2681 1288 2786 1339 sie-

1719 1376 1818 1427 qne
1839 1362 1940 1411 sibi
1979 1362 2066 1411 uni
2105 1366 2268 1411 totum
2293 1369 2528 1412 senatum
2563 1362 2786 1413 baberet

1719 1438 1924 1503 quoties
1947 1439 2138 1487 vellet:
2175 1438 2248 1487 ita
2271 1444 2330 1486 ut
2353 1436 2476 1485 nihil
2499 1436 2638 1485 alind
2662 1452 2786 1500 pro·

1719 1528 1910 1577 ponere
1950 1521 2040 1563 ant
2077 1528 2288 1563 censere
2311 1514 2424 1563 aliis
2461 1514 2694 1577 patribus
2719 1515 2786 1565 li·

1713 1598 1861 1639 ceret
1877 1605 1940 1639 ea
1961 1590 2063 1639 die.
2118 1590 2186 1639 Et
2207 1590 2285 1639 sic
2305 1590 2516 1653 negotia
2539 1588 2634 1637 sibi
2657 1603 2784 1637 con-

1713 1665 1874 1715 traria
1887 1663 2099 1713 eludere
2111 1664 2284 1729 potuit
2299 1662 2364 1712 ad
2381 1670 2583 1726 tempus
2599 1679 2614 1724 ς
2637 1662 2780 1727 qnod

1715 1741 1842 1791 utile
1878 1755 2017 1805 saepe
2055 1748 2110 1789 et
2145 1740 2353 1788 maximi
2391 1740 2640 1788 momenti
2675 1738 2782 1788 fnit

1713 1812 1928 1865 factioni
1952 1816 2286 1865 dominantis.
2351 1816 2436 1864 Sic
2459 1814 2630 1878 potnit
2663 1812 2802 1863 οὗ-.

1711 1906 1852 1955 cere,
1873 1900 1932 1942 nt
1950 1905 2012 1941 ea
2031 1906 2146 1956 quae
2171 1890 2410 1954 agitabat
2431 1890 2619 1952 animo,
2643 1897 2782 1939 trao-

1711 1974 1950 2018 tarentur
1993 1967 2044 2015 in
2101 1973 2286 2015 senatu
2335 1968 2780 2031 sancirenturqne,

1711 2056 1898 2107 nempe
1929 2057 2044 2107 qnae
2075 2042 2141 2091 ad
2175 2056 2315 2093 snam
2341 2050 2398 2091 et
2419 2042 2619 2107 imperii
2641 2042 2781 2092 saln—

1713 2124 1816 2167 tem
1839 2124 2162 2183 spectarent,
2193 2124 2249 2167 et
2271 2124 2449 2167 cetera
2467 2131 2588 2180 quae
2607 2116 2782 2167 obsta-

1713 2198 1832 2243 rent
1869 2194 2018 2255 longe
2040 2191 2342 2241 amandaret
2363 2207 2425 2241 ac
2459 2192 2776 2257 repelleret;

1711 2269 1786 2318 ita
1821 2274 1878 2319 nt
1915 2282 2080 2333 neque
2117 2268 2335 2331 proponi
2375 2268 2459 2317 vel
2497 2266 2682 2317 referri
2719 2268 2774 2317 in

1703 2348 1885 2393 senatu
1925 2350 2160 2407 possent,
2193 2356 2330 2405 cum,
2367 2350 2552 2392 senatu
2571 2353 2778 2409 vocato,

1707 2419 1894 2470 Patres¹
1941 2419 1994 2467 in
2053 2418 2132 2467 bis
2179 2418 2334 2468 rebus
2379 2434 2507 2483 quas
2549 2419 2776 2471 referret

1709 2501 1964 2558 perpetuo
2009 2494 2288 2543 detineret.
2379 2495 2478 2543 His
2513 2496 2649 2547 adde
2681 2494 2772 2547 fla-

1707 2568 1890 2632 gitium
1944 2576 1998 2617 et
2041 2568 2308 2620 libidinem
2365 2572 2770 2621 assentationum

1704 2658 1964 2705 vesanam,
1995 2644 2046 2693 in
2084 2659 2238 2708 qnam
2263 2646 2410 2709 proni
2454 2646 2674 2696 ruebant
2707 2662 2772 2697 eo

1703 2734 1815 2770 evo
1837 2720 2044 2785 Patres,
2065 2728 2121 2770 et
2155 2736 2252 2786 qua
2291 2737 2350 2771 se
2388 2728 2444 2771 et.
2483 2722 2770 2787 principem

1703 2802 1758 2845 et
1813 2794 2071 2859 Rcmpub.
2141 2796 2310 2860 palam
2367 2796 2768 2849 labefactabant.

1704 2870 1860 2920 Forte
1906 2878 2086 2921 vetere
2129 2872 2340 2935 Repub.
2383 2880 2576 2935 stante,
2628 2873 2784 2927 idem.

1705 2944 1804 2996 fuit
1839 2947 2072 2997 numia
2112 2954 2168 2997 et
2209 2950 2378 2998 relatio
2414 2948 2668 2999 senatoris
2701 2948 2768 2999 ud

1707 3032 1910 3087 patres3
1945 3025 2068 3089 qnia
2097 3026 2274 3075 statim
2299 3026 2364 3075 de
2401 3040 2460 3075 re
2499 3026 2766 3091 proposita

1707 3101 2061 3153 decernebant
2096 3103 2214 3153 boni
2237 3110 2432 3167 patres,
2453 3118 2624 3169 neque
2643 3106 2762 3153 rel«-

1703 3181 1804 3226 tm
1825 3176 2084 3227 abnuebant
2111 3178 2308 3244 antiqui
2340 3181 2596 3230 consules.
2659 3178 2766 3229 Sed

1703 3267 1842 3303 nnnc
1886 3254 2119 3303 extincta
2161 3256 2366 3317 Repub.
2403 3264 2462 3306 et
2495 3257 2762 3319 libertate,

1702 3343 1819 3378 cum
1867 3330 2050 3379 relatio
2095 3340 2394 3395 negaretur,
2449 3334 2772 3398 distinguen-

1703 3404 1822 3453 dum
1845 3412 1928 3455 est
1963 3404 2100 3455 inter
2119 3408 2404 3457 sententian·
2425 3409 2678 3459 senatoris
2709 3415 2778 3459 et.

1699 3480 1990 3532 relationem.
2111 3544 2127 3554 Ἰ

1765 3558 2084 3621 [celatim]
2118 3558 2318 3622 Cuique
2345 3560 2578 3610 senatori
2613 3559 2762 3609 licuit

1697 3632 1972 3682 relationem
2009 3636 2274 3697 postulare
2303 3650 2334 3685 a
2376 3635 2672 3685 consulibus
2707 3636 2762 3687 in

1699 3723 1807 3759 rem
1851 3712 2185 3773 propositam,
2227 3719 2284 3760 et
2325 3726 2443 3777 qna
2477 3726 2508 3761 e
2549 3711 2758 3777 Repnb.

1698 3798 1812 3835 esee
1853 3786 2136 3849 videretur,
2169 3786 2262 3837 sed
2297 3801 2398 3837 non
2427 3786 2760 3839 obtinebatur

1697 3876 1917 3925 semper.
1985 3863 2230 3913 Consules
2275 3864 2471 3928 quippe
2513 3863 2756 3915 malevoli

1697 3936 1752 3985 in
1787 3937 2037 4000 privatos,
2057 3944 2162 3991 ,ant
2199 3938 2252 3987 in
2277 3937 2554 4002 Rempubl.
2573 3939 2760 4003 ipsam,

1697 4012 1922 4075 principi
1957 4014 2180 4077 turpiter
2211 4021 2560 4077 assentantes,
2581 4020 2758 4065 oeten

1697 4089 1797 4137 etsi
1819 4089 2090 4137 utilissima
2109 4088 2444 4153 spernebant.

1759 4170 1778 4195 ⁸
1844 4164 2016 4215 Cetera
2039 4178 2128 4227 per
2157 4164 2335 4228 om]
2391 4162 2556 4229 Capio
2613 4162 2754 4229 quui

1693 4246 1848 4308 earet,
1867 4240 1948 4295 Aa
1965 4245 2228 4306 campen·
2245 4238 2440 4293 mes?
2469 4240 2760 4307 interroga·
