3200 4934
1292 386 1361 437 0.
1404 374 1766 435 CORNBLH
1801 378 2071 431 'raeiri

2461 378 2562 449 [A.
2575 380 2647 437 U.
2667 382 2788 437 ato:

1584 614 1800 668 1101·AE

587 756 805 823 prolato
847 750 1121 803 sententio
1175 752 1413 813 putrum3
1468 747 1643 810 itaque

586 846 755 897 neque
792 835 997 895 patrum
1043 838 1325 877 consensus
1346 822 1470 872 satis
1502 821 1644 871 inno-

586 908 841 961 tescebat.
1376 932 1385 937 -

652 984 725 1033 At
751 984 781 1032 l.
809 994 926 1033 nv.
948 978 1039 1029 nbi
1068 979 1134 1028 de
1158 975 1391 1027 Antistio
1410 973 1650 1036 majesta-

586 1060 656 1110 tis
676 1064 939 1117 accusato,
970 1068 1077 1103 rem
1106 1053 1392 1101 retulerant
1410 1047 1647 1097 consules

585 1134 725 1198 apud
748 1140 999 1190 senatum,
1008 1130 1118 1193 jam
1136 1126 1427 1191 protulerat
1449 1128 1650 1171 senten·

584 1213 714 1259 tiam
739 1208 992 1257 Marullus
1021 1204 1195 1254 consul
1220 1200 1538 1265 designatus,
1560 1196 1649 1247 cui

586 1284 739 1335 multi
760 1288 931 1346 patres
962 1284 1303 1337 assenserant,
1334 1276 1511 1339 sicque
1534 1288 1650 1325 seu·

586 1358 780 1407 tentius
824 1368 943 1406 snas
1014 1357 1367 1418 promserunt3
1424 1355 1479 1399 at
1533 1362 1651 1397 cum

585 1430 835 1485 Thra-eas
884 1428 1218 1490 disseruisset,
1268 1432 1376 1478 tum
1428 1422 1653 1473 maxima

588 1522 711 1571 pars
732 1513 938 1571 patrum
954 1502 1149 1569 pedibus
1166 1502 1220 1553 ia
1251 1500 1535 1551 sententiam
1553 1498 1654 1560 <ias

586 1582 721 1639 ier-e,-
744 1582 903 1645 igitur
927 1587 1035 1633 tum
1058 1579 1274 1642 prolatae
1300 1582 1418 1625 sunt
1446 1581 1652 1625 seuten-

586 1658 698 1721 tiae,
718 1656 860 1707 sacta
891 1654 1075 1709 relatio
1110 1669 1141 1702 a
1162 1652 1487 1713 consulibns;
1526 1655 1653 1699 utta-

587 1748 695 1783 men
716 1734 921 1781 conules
948 1728 1173 1795 pefflcere
1201 1733 1389 1779 senatus
1410 1728 1651 1775 decretum

589 1822 681 1859 aon
696 1809 817 1857 ausi.

654 1884 732 1935 At
754 1888 930 1933 nostro
966 1880 1063 1931 boc
1100 1881 1218 1930 loco
1257 1880 1292 1928 l.
1320 1891 1447 1929 1111.
1480 1891 1648 1942 neque

590 1959 899 2011 relationem
933 1956 1234 2018 inceperant
1274 1954 1535 2015 consules,
1564 1968 1650 2001 ne-

590 2049 691 2098 que
756 2039 932 2095 patres
998 2034 1305 2079 censuerant
1320 2046 1335 2089 ;
1392 2027 1649 2093 quomodo

590 2110 753 2175 igitur
774 2105 1004 2157 scribere
1030 2110 1311 2169 potnerunt
1344 2115 1654 2157 consensum

589 2184 830 2235 senatus?

660 2260 901 2313 Habetnr
954 2262 1010 2307 et
1048 2257 1213 2307 simile
1251 2254 1374 2322 quid
1434 2268 1526 2307 xv·
1568 2256 1654 2305 22.

592 2334 683 2385 nbi
724 2334 881 2383 etiam
920 2340 1102 2383 censet
1144 2332 1395 2395 Thrasea,
1438 2344 1657 2394 procon-

592 2408 727 2459 sules
748 2423 851 2458 non
882 2408 1074 2458 debere
1110 2406 1365 2457 demereri
1386 2407 1573 2470 socios,
1592 2414 1657 2457 nt

590 2484 716 2549 ipsis
740 2483 920 2547 gratim
941 2492 1161 2546 agantur
1182 2483 1237 2531 in
1256 2481 1376 2543 fine,
1398 2496 1515 2535 cum
1538 2496 1654 2545 pro·

593 2558 767 2611 vincia
779 2558 1058 2609 decedunt.
1123 2558 1209 2609 Sic
1221 2558 1389 2609 Taciti
1409 2558 1498 2606 illo
1520 2558 1657 2621 loco,

594 2644 869 2703 postquam
900 2634 1209 2684 sententiam
1252 2648 1397 2682 suam
1438 2632 1659 2699 protulit

592 2712 838 2773 Thrasea,
884 2711 901 2739 ‘
925 2725 1111 2774 magno
1144 2723 1353 2759 assensn
1396 2707 1658 2759 celebrata

594 2786 890 2848 sententia:
944 2788 1182 2835 Thrasea·
1222 2800 1441 2848 nempe:
1498 2786 1513 2812 ‘
1552 2798 1656 2833 non

596 2868 771 2914 tamen
808 2861 1306 2913 senatusconsultum
1352 2858 1531 2923 perfici
1565 2874 1656 2925 po-

596 2939 717 3001 tuit,
736 2936 1078 2989 abnuentibus
1101 2934 1395 2985 consulibus
1422 2949 1484 2985 ea
1506 2935 1572 2986 de
1594 2950 1654 2987 re

597 3010 857 3063 relatum.'

664 3085 833 3149 Igitur
852 3084 937 3135 bic
960 3084 1086 3134 ordo
1109 3084 1227 3145 fuit,
1272 3100 1389 3137 cum
1413 3085 1478 3138 de
1512 3102 1656 3139 sena·

598 3161 916 3211 tusconsulto
936 3159 1253 3225 perficiendo
1270 3171 1538 3227 ageretur:
1554 3164 1660 3229 pri-

595 3251 681 3289 mo
706 3250 811 3286 rem
837 3238 1161 3301 proponebat
1180 3246 1271 3288 aut
1292 3240 1469 3289 consul
1496 3241 1661 3303 desig-

594 3320 765 3375 natus,
797 3320 887 3361 aut
924 3326 1053 3362 nnus
1094 3329 1125 3363 e
1164 3315 1417 3377 patribus,
1440 3323 1495 3367 et
1518 3316 1585 3367 de
1603 3330 1659 3367 re

596 3386 871 3452 proposita·
904 3388 1153 3437 censebat
1183 3390 1316 3453 ipse,
1338 3391 1660 3455 proferebat·

599 3477 701 3527 qne
720 3463 1048 3526 sententiam,
1068 3473 1123 3512 et
1146 3466 1458 3529 argumentis
1490 3466 1660 3517 finna-

598 3536 693 3587 bat
718 3553 733 3597 ;
754 3536 808 3585 id
828 3552 857 3585 e
880 3538 1079 3603 Repub.
1104 3554 1214 3589 esse
1235 3557 1250 3600 ;
1284 3541 1404 3589 dein
1426 3541 1662 3591 consules

600 3626 711 3660 rem
734 3611 875 3674 apud
896 3622 1125 3663 senatum
1160 3614 1477 3675 referebant,
1508 3616 1549 3665 si
1584 3618 1663 3681 ip·

600 3686 670 3734 sis
695 3684 975 3745 videretur,
998 3694 1054 3738 et
1068 3689 1317 3738 relatione
1334 3688 1493 3751 facta,
1517 3704 1663 3755 roga-

598 3760 727 3811 bant
738 3763 1042 3823 sententias,
1064 3764 1375 3828 prolatisque
1394 3764 1665 3815 sententiis

600 3845 827 3903 patrum,
850 3837 1010 3889 tiebat
1026 3841 1547 3889 senatusconsultum.

666 3912 751 3963 Sic
776 3920 831 3962 et
859 3914 954 3965 hoc
992 3914 1104 3963 loco
1140 3920 1338 3973 nostro,
1372 3914 1389 3942 ‘
1410 3923 1581 3963 actum
1607 3916 1660 3967 in

602 3995 787 4039 senatu
822 4002 855 4036 a
885 3986 1189 4052 quibusdam
1214 3996 1415 4049 patrum
1441 3986 1506 4037 de
1523 3986 1662 4039 frau-

600 4062 752 4113 dibus
794 4062 1116 4124 libertorum,
1140 4060 1575 4129 efflagitatumque
1598 4072 1660 4115 ut

604 4136 851 4186 adversus
870 4138 1004 4187 male
1026 4136 1237 4187 meritos
1265 4138 1568 4189 revocandae
1603 4140 1662 4190 li·

603 4208 823 4263 bertatis
852 4212 943 4277 jus
987 4212 1227 4279 patronis
1281 4212 1535 4268 daretur-‚²
1592 4216 1660 4269 ld

1721 744 2063 809 proposuerat
2113 739 2166 790 in
2211 743 2396 789 senatu
2447 738 2590 789 band
2623 736 2784 791 dubi·

1721 831 1852 869 nnus
1867 832 1899 867 e
1917 816 2168 881 patribus.
2233 817 2304 865 Et
2317 816 2626 866 sententiam
2643 831 2786 868 suam

1723 895 1790 943 de
1813 908 1869 942 re
1892 893 2201 956 protulerat,
2221 890 2613 955 rationibusque
2629 897 2687 941 et
2705 906 2788 943 ar·

1724 967 1978 1033 gumentis
2013 966 2265 1028 firmarat,
2307 967 2360 1016 in
2398 980 2516 1016 eum
2535 964 2648 1015 fere
2671 980 2788 1016 sen·

1726 1058 1874 1105 sum3
1904 1042 2125 1093 coalitam
2159 1040 2377 1091 libertate
2417 1041 2798 1113 meream,

1723 1122 1806 1185 ξε.

1793 1196 1865 1246 Et
1903 1210 1961 1246 re
1999 1196 2289 1261 proposita,
2319 1194 2562 1261 dictaque
2581 1201 2794 1245 senten·

1730 1271 1821 1335 tia,
1877 1286 1980 1321 non
2049 1272 2282 1331 deerant,
2351 1270 2437 1336 qui
2494 1276 2790 1341 censerent,

1729 1362 1917 1411 nempe
1961 1348 2051 1397 alii
2091 1354 2287 1417 patres,
2318 1345 2412 1398 sed
2433 1346 2586 1411 pauci
2609 1346 2791 1396 adver·

1730 1439 1817 1473 sus
1853 1424 2086 1477 libertos.
2151 1424 2311 1473 Forte
2352 1428 2410 1472 et
2443 1421 2532 1472 alii
2555 1436 2620 1471 ea
2641 1420 2707 1471 de
2731 1434 2790 1471 re

1731 1500 2044 1550 senteutiam
2066 1498 2328 1563 dicebant,
2346 1504 2437 1548 ant
2451 1498 2625 1548 dicere
2640 1512 2792 1563 para,-

1731 1575 1878 1637 bant,
1919 1576 1972 1627 in
2007 1576 2310 1626 alterutram
2334 1580 2556 1637 partem,
2579 1574 2623 1625 si
2649 1578 2792 1627 retu-

1728 1652 1910 1702 lissent
1953 1652 2220 1713 consules;
2263 1650 2359 1701 sed
2399 1650 2476 1700 illi
2515 1649 2792 1699 relationem

1726 1726 1936 1791 incipere
1953 1742 2046 1775 noa
2068 1727 2170 1775 ausi
2191 1732 2328 1775 sunt.
2399 1725 2675 1781 Quomodo
2696 1724 2793 1789 igi-

1729 1808 1815 1851 tur
1837 1800 2186 1866 perscripsere
2205 1814 2477 1850 consensum
2511 1806 2715 1863 mus,
2747 1800 2794 1851 si

1725 1890 1899 1941 neque
1921 1876 2086 1926 relata
2120 1889 2204 1927 res
2225 1890 2256 1925 a
2275 1874 2591 1939 consulibua,
2624 1888 2792 1940 neque

1728 1961 1932 2022 patrum
1945 1953 2100 2011 dictae
2117 1953 2394 2003 sententia
2418 1954 2438 2001 Ρ
2473 1953 2630 2015 Puto,
2652 1957 2794 2015 post·

1729 2045 1882 2095 qnam
1921 2044 1984 2081 ea
2025 2044 2109 2079 res
2147 2028 2416 2093 proposita
2447 2028 2568 2091 fuit,
2593 2029 2794 2093 agitata

1731 2113 1814 2157 est
1853 2106 1906 2155 in
1950 2110 2134 2156 senatu
2172 2103 2357 2155 studiis
2378 2103 2615 2167 diversis,
2637 2104 2715 2153 ita
2733 2108 2797 2157 nt

1725 2182 1838 2247 jam
1881 2183 2006 2231 satis
2044 2188 2345 2246 appareret,
2397 2180 2520 2247 quid
2575 2179 2800 2241 sentiret

1733 2258 1954 2309 maxima
1995 2272 2117 2321 pars
2159 2262 2384 2307 senatus.
2445 2257 2636 2323 sicque
2677 2270 2800 2306 con-

1735 2333 1890 2396 sules,
1911 2332 2036 2381 licet
2065 2345 2174 2381 rem
2196 2345 2300 2381 non
2322 2330 2598 2395 referrent,
2620 2335 2797 2383 tamen

1733 2410 2044 2474 colligerunt
2080 2410 2244 2460 veluti
2289 2406 2533 2471 suffragia
2567 2414 2802 2481 patrum,

1735 2498 1790 2535 et
1804 2485 2057 2548 scripsere
2075 2483 2297 2547 principi
2309 2496 2614 2532 consensum
2630 2483 2798 2549 illum,

1737 2568 1794 2611 et
1814 2560 1948 2611 utin
1969 2573 2026 2611 re
2061 2558 2192 2609 tanti
2215 2558 2481 2625 momenti,
2520 2556 2610 2609 ille
2629 2564 2800 2613 amar

1735 2634 2085 2685 constitutionis
2095 2634 2260 2699 fleret.

1801 2713 1872 2760 Et
1914 2709 1988 2761 ibi
2031 2710 2238 2761 Tacitus
2273 2709 2436 2768 refert
2472 2710 2656 2776 magis,
2671 2709 2798 2776 qnid

1735 2786 1993 2839 sentirent
2015 2794 2209 2851 patres,
2242 2802 2412 2852 quam,
2451 2786 2578 2853 quid
2620 2800 2798 2839 cense-

1735 2868 1854 2912 rent
1875 2878 1888 2911 =
1923 2875 2025 2911 non
2048 2861 2183 2909 enim
2207 2876 2410 2925 revera,
2427 2868 2538 2912 tum
2562 2876 2682 2913 vere
2705 2866 2799 2913 ant

1737 2938 1944 3003 proprie
1961 2943 2286 2988 censuerunt.
2320 2936 2384 2987 In
2410 2937 2500 2989 tali
2525 2936 2798 2996 occasione

1736 3012 1943 3077 quidam
1979 3013 2105 3062 ordo
2149 3018 2205 3063 et
2243 3012 2408 3061 veluti
2447 3013 2578 3062 certi
2608 3011 2801 3077 gradus

1737 3096 1903 3140 erant.
1971 3088 2109 3139 Nam
2141 3088 2225 3138 vel
2261 3088 2415 3151 plane
2455 3086 2800 3151 respuebatur

1738 3179 1840 3229 res,
1875 3163 1943 3213 ob
1982 3170 2246 3213 auctorem
2290 3164 2584 3225 sententiae,
2617 3162 2700 3211 vel
2728 3161 2799 3225 ob

1739 3254 1850 3289 rem
1871 3240 2052 3303 ipsam,
2063 3244 2124 3287 ut
2143 3238 2366 3289 Caecinm
2384 3238 2605 3303 contigit
2623 3252 2800 3303 supra·

1741 3314 1840 3365 Vel
1865 3328 1974 3363 rem
2013 3314 2077 3363 ad
2117 3313 2411 3378 principem
2441 3313 2802 3378 remittebant,

1741 3395 1802 3439 ut
1841 3387 1979 3451 apud
2023 3388 2153 3439 Tac.
2195 3401 2285 3439 111.
2320 3392 2400 3438 52.
2435 3388 2524 3437 nbi
2551 3387 2804 3450 agebatur

1740 3464 1806 3513 de
1829 3462 1954 3511 luxu
1973 3479 1989 3525 3
2011 3462 2092 3513 vel
2113 3478 2219 3513 rem
2239 3461 2508 3527 agitabant
2525 3463 2576 3512 in
2595 3468 2804 3529 senatu,

1741 3546 1799 3587 et
1819 3543 1994 3587 tamen
2015 3538 2322 3588 relationem
2345 3554 2444 3588 non
2465 3538 2805 3605 incipiebant,

1743 3619 1800 3663 et
1843 3621 2014 3663 tamen
2069 3613 2453 3663 inclinationem
2488 3619 2544 3662 et
2587 3626 2804 3663 consen-

1745 3702 1858 3738 sum
1891 3694 2096 3737 senatus
2139 3689 2436 3739 scribebant
2465 3688 2710 3755 principi,
2743 3693 2804 3745 ut

1741 3762 1978 3813 hocloco
2000 3776 2124 3812 xm.
2150 3768 2234 3813 26.

1803 3838 1903 3887 Vel
1923 3838 2226 3891 relationem
2261 3837 2518 3893 faciebant
2551 3840 2806 3904 consules,

1740 3920 1797 3964 et
1837 3912 2090 3965 relatione
2123 3914 2280 3977 facta,
2317 3914 2576 3981 dictisque
2595 3923 2804 3969 sentes·

1739 3987 1845 4051 tiis,
1867 3992 2363 4041 senatusconsultum
2383 3992 2605 4041 nondum
2624 3991 2802 4047 facere

1737 4064 1999 4115 audebant
2021 4084 2035 4127 3
2082 4066 2375 4117 scribebant
2399 4077 2571 4118 tamen
2593 4080 2806 4118 consen·

1741 4156 1854 4191 sum
1875 4140 2016 4191 illum
2039 4148 2248 4193 senatus
2273 4144 2486 4207 Caesari,
2507 4151 2567 4195 nt
2590 4142 2806 4205 contigit

1745 4228 1859 4268 xiv.
1891 4218 1974 4267 ⁴9.
2008 4215 2098 4268 ubi
2126 4216 2192 4268 de
2215 4216 2466 4285 Antistio,
2487 4218 2652 4271 ubire
2671 4217 2803 4273 rela-
