3200 4934
539 338 714 409 lano

1233 356 1298 407 0.
1341 352 1701 407 connum}
1748 352 2003 405 'mom

2430 360 2525 427 [Α.
2538 358 2609 414 u.
2626 364 2747 413 sos.

1534 551 1750 603 No'rAE

538 647 750 699 alteram
787 646 1034 714 Leptam,
1052 648 1152 699 nisi
1189 662 1256 699 ex
1292 647 1485 711 Dione,
1505 649 1603 699 Ta-

539 724 667 786 cito,
698 731 789 773 aut
811 739 878 773 ex
905 724 1152 774 Suetonio
1177 724 1458 789 praecipne.
1527 724 1603 775 At

537 806 682 849 certe
705 799 876 862 potius
907 800 1224 850 contrarium
1256 802 1514 851 evincitur
1535 817 1600 852 ex

535 874 652 939 ipso
690 875 936 924 Suetonio
977 883 1201 939 quatuor
1235 876 1380 939 locis,
1417 876 1599 941 quibus

537 948 750 1015 Lepida»,
775 952 942 1000 amita·
971 952 1193 1001 Neronis
1218 952 1469 1001 meminit.

601 1031 650 1077 1.
683 1027 812 1077 Ner.
854 1033 904 1075 5.
950 1027 1024 1077 sic
1063 1026 1255 1078 habet:
1301 1031 1316 1055 ⁸
1341 1027 1602 1077 Domitius

537 1102 824 1167 majestatis
871 1116 1073 1166 quoque
1127 1111 1182 1152 et
1231 1102 1603 1153 adulteriorum

535 1176 822 1242 incestique
862 1192 978 1227 cnm
1021 1192 1197 1229 sorore
1242 1180 1462 1243 Lepida,
1506 1180 1600 1230 sub

539 1248 752 1301 excessu
774 1252 987 1316 Tiberii,
1005 1268 1144 1318 reus,
1163 1256 1450 1306 mutatione
1475 1262 1602 1309 tem·

537 1342 718 1397 porum
741 1328 944 1381 evasit)

602 1406 654 1453 Β.
687 1404 931 1453 Meminit
970 1406 1180 1456 Sueton.
1223 1408 1350 1457 Ner.
1391 1421 1508 1471 cap.
1547 1412 1598 1459 6.

536 1480 554 1508 ⁸
573 1480 750 1535 Matre
790 1481 945 1531 etiam
987 1482 1237 1546 relegata,
1261 1497 1410 1547 paeue
1453 1484 1600 1549 inops

533 1562 692 1623 utque
727 1570 906 1621 egens,
927 1559 1066 1623 apud
1104 1561 1312 1611 amitam
1349 1562 1603 1625 Lepidam

535 1632 765 1683 nutritus
786 1632 904 1683 est!

547 1700 550 1705 ’
600 1712 651 1759 a.
685 1710 1002 1760 Mentionem
1041 1710 1172 1761 facit
1209 1712 1446 1776 Lepide,
1467 1713 1596 1763 Ner.

537 1788 659 1835 (3.7.
689 1786 705 1814 ‘
723 1782 953 1834 Amitam
991 1788 1149 1836 etiam
1173 1788 1420 1851 Lepidam
1456 1804 1598 1839 ream

536 1858 833 1909 testimonio
855 1876 1028 1911 coram
1051 1860 1271 1926 afflixit,'
1293 1878 1406 1929 sup.
1441 1866 1596 1917 Nero.-

535 1936 657 1985 dein
677 1950 792 1999 cap.
824 1940 906 1987 84.
943 1937 1014 1987 sic
1049 1938 1239 1989 babet:
1272 1940 1597 2005 ‘Junxitque

535 2011 817 2075 parricidio
841 2014 1020 2063 matris
1044 2014 1217 2063 amitae
1242 2014 1459 2066 necem?
1491 2016 1600 2066 No-

534 2096 607 2154 ta,
627 2104 742 2141 eam
767 2103 971 2155 semper
994 2092 1224 2155 appellat
1244 2092 1473 2155 Lepidum
1487 2108 1508 2150 ,⁰
1545 2098 1603 2144 et

533 2167 732 2217 amma
769 2168 1077 2231 simpliciter
1113 2169 1211 2218 boc
1245 2168 1426 2219 ultimo
1463 2168 1599 2234 loco,

535 2244 676 2295 unde
697 2242 956 2307 colligitur
971 2244 1258 2308 evidenter,
1271 2242 1429 2294 fuisse
1446 2258 1600 2295 unam

537 2320 857 2386 eandemque
877 2322 1089 2370 amitam
1115 2321 1370 2371 Neronis:
1407 2320 1602 2387 alioqui

535 2394 721 2446 debuit
739 2395 826 2447 hic
847 2394 1166 2459 distinguere
1189 2396 1482 2444 Suetonius.

601 2469 742 2523 Nam
778 2485 846 2520 ex
886 2470 1241 2535 suppositione
1281 2470 1466 2535 Lipsii‚
1507 2471 1603 2521 Le-

535 2544 661 2615 pida
713 2546 1008 2601 testimonio
1053 2547 1166 2612 jam
1232 2553 1352 2597 ante
1408 2546 1603 2599 afflicta

535 2630 680 2687 erata
712 2623 891 2689 sicque
928 2624 1113 2675 debuit
1148 2624 1230 2675 hic
1262 2623 1599 2689 distinguere,

537 2708 657 2755 utra
675 2700 838 2753 amita
860 2700 944 2749 hic
973 2701 1252 2764 parricidio
1273 2700 1496 2751 Neronis
1512 2714 1600 2752 ne·

535 2781 655 2831 catu
677 2776 762 2827 sit.
829 2776 902 2825 Et
921 2783 1048 2826 nota
1069 2775 1267 2839 sedulo,
1297 2776 1598 2827 Suetonium

534 2851 821 2917 scripsisse,
843 2852 1093 2917 Lepidam
1131 2852 1293 2903 fuisse
1331 2851 1600 2903 testimonio

531 2928 774 2995 qffiietan,
795 2929 1026 2994 nihilque
1065 2929 1203 2979 ultra
1241 2928 1462 2991 addere3
1495 2941 1598 2980 non

535 3004 674 3071 enim
693 3002 825 3053 dicit
847 3002 1006 3054 fuisse
1027 3002 1378 3056 interfectam.

599 3078 671 3127 Et
692 3084 836 3129 certe
857 3076 995 3128 forte
1019 3086 1125 3129 tum
1151 3090 1240 3128 rea
1263 3086 1377 3129 erat
1397 3078 1598 3145 Lepida

533 3152 721 3206 incesti
759 3166 873 3205 cnm
907 3152 1068 3205 fratre
1107 3156 1416 3219 perpetrati,
1459 3156 1598 3222 quod

531 3244 637 3285 non
671 3230 966 3295 probatum,
988 3232 1085 3282 nisi
1105 3231 1406 3283 testimonio
1429 3234 1594 3285 Nero-

531 3302 610 3355 nis
637 3306 783 3369 pueri
808 3305 996 3370 adbuc,
1031 3314 1087 3356 et
1123 3307 1176 3356 id
1213 3308 1367 3359 matri
1405 3308 1598 3373 gratifi-

533 3382 731 3439 cantis:
781 3384 922 3449 quod
961 3384 1174 3447 crimen,
1214 3384 1422 3437 favente
1462 3386 1598 3439 Nar-

533 3460 692 3524 cisso,
707 3456 859 3511 facile
881 3462 1110 3513 evanuit.

599 3534 744 3587 Nota
787 3537 945 3587 etiam
983 3538 1212 3603 Lepidum
1255 3540 1387 3592 hauc
1424 3542 1598 3591 vocari

531 3612 816 3675 impudicam
837 3628 868 3662 a
889 3612 1109 3677 Tacito;
1145 3615 1283 3681 quod
1313 3616 1599 3683 respondet

533 3686 612 3737 bis
653 3686 888 3737 Suetonii
931 3690 1138 3741 vei-bist
1191 3690 1598 3743 ‘adulteriorum

532 3763 826 3829 incestique
861 3779 978 3817 cum
1009 3782 1184 3817 sorore
1221 3768 1459 3833 Lepida?
1495 3772 1596 3819 stc.

531 3854 649 3905 qum
670 3840 855 3905 Lepida
895 3856 997 3893 una
1035 3843 1321 3908 eademque
1355 3850 1441 3893 est
1479 3858 1598 3895 cum

531 3914 782 3976 Domitia,
831 3917 969 3983 quod
1011 3918 1350 3971 clarissimum
1404 3926 1489 3969 est
1529 3934 1596 3970 ex

531 3992 714 4047 Tacito
751 3992 870 4045 bic:
913 3993 932 4021 ⁴
951 3995 1195 4045 celerare
1233 3995 1436 4059 statuit,
1479 4011 1595 4061 per-

534 4068 647 4123 dita
681 4068 822 4133 prius
854 4069 1088 4121 Domitia
1104 4068 1309 4121 levibus
1329 4076 1386 4123 et
1423 4072 1598 4121 mulie-

532 4141 710 4193 bribus
753 4144 948 4197 causina
967 4208 970 4211 ὴ
991 4146 1112 4209 qnia
1153 4142 1360 4213 Lepida
1399 4148 1598 4211 minore

535 4216 764 4271 Antonia
785 4218 992 4285 genita?
1013 4222 1114 4273 dcc.
1469 4218 1476 4223 ’

1744 647 1979 699 Adverte
2000 648 2159 699 etiam
2180 650 2361 700 sedulo
2394 648 2595 699 siluisse
2618 650 2751 701 Dio-

1680 740 1795 775 nem
1820 739 1884 773 eo
1906 725 2022 776 loco
2046 732 2101 775 et
2124 732 2355 790 tempore
2378 726 2627 791 historie,
2641 742 2747 791 quo

1678 799 1861 863 Lepida
1880 801 2176 851 testimonio
2190 802 2415 853 Neronis
2428 798 2563 851 afflic
2570 809 2623 852 ta
2636 808 2716 853 est
2728 818 2745 851 ε

1678 877 1801 940 quia
1823 877 1958 927 haud
1998 877 2153 926 dubie
2191 886 2301 927 tum
2340 885 2541 927 tantum
2578 885 2753 929 exter·

1680 952 1782 1000 rita
1800 960 1883 1002 est
1902 953 1972 1001 ab
1991 952 2304 1017 Agrippina,
2320 968 2423 1004 non
2450 968 2569 1003 vero
2588 954 2752 1004 inter·

1679 1023 1822 1077 fecta
1842 1028 1939 1077 sub
1960 1028 2197 1079 Claudio.

1746 1102 1913 1153 Quam
1948 1102 2147 1154 caedem
2188 1105 2325 1155 band
2364 1104 2521 1155 dubie
2556 1118 2748 1158 mno-

1683 1186 1846 1226 rasset
1892 1178 1980 1227 ille
2025 1186 2209 1231 auctor
2258 1180 2329 1233 ob
2379 1180 2747 1231 claritudinem

1681 1250 1922 1317 foeminae,
1952 1262 2010 1307 ut
2036 1270 2153 1319 quae
2178 1256 2565 1321 propinquitate
2588 1256 2749 1306 domi·

1680 1336 1863 1379 nantes
1894 1332 2238 1395 contingeret.
2305 1332 2457 1382 Unde
2490 1332 2748 1384 evincitur

1682 1418 1787 1455 non
1814 1420 1927 1455 esse
1964 1412 2075 1456 tum
2114 1408 2441 1457 interemtam
2478 1408 2747 1473 Lepidam,

1682 1480 1773 1530 sed
1793 1487 1998 1532 tantum
2019 1482 2158 1533 forte
2172 1484 2413 1534 exulasse
2436 1484 2505 1534 ad
2523 1492 2748 1549 ternpus,

1682 1565 2077 1623 revocatamque
2110 1559 2175 1613 ab
2212 1560 2326 1625 ipso
2350 1560 2561 1610 Nerone
2582 1562 2745 1625 impe·

1680 1641 1850 1687 rante.

1746 1710 1810 1760 In
1826 1725 2057 1763 errorem
2078 1712 2281 1763 induxit
2300 1714 2531 1777 Lipsium
2554 1712 2747 1777 duplex

1680 1788 1823 1837 locus
1844 1789 2111 1839 Suetonih
2143 1791 2279 1840 alter
2314 1806 2417 1855 qno
2448 1790 2746 1841 testimonio

1684 1864 1909 1913 Neronis
1934 1864 2177 1915 afflictam
2212 1880 2329 1915 esse
2367 1866 2620 1929 Lepidam
2643 1873 2749 1916 tra·

1681 1937 1779 1999 dit,
1810 1938 1944 1987 alter
1962 1952 2065 2007 quo
2095 1940 2289 1989 απιίεωη
2320 1940 2514 2003 largius
2538 1940 2749 2003 purgari

1669 2010 1831 2076 jubet
1851 2011 1988 2062 idem
2004 2012 2171 2073 Nero;
2194 2013 2370 2077 sicque
2392 2028 2508 2063 eam
2530 2028 2748 2065 necasse

1680 2100 1881 2137 veneno
1902 2088 2227 2139 existimatus
2258 2095 2358 2151 est,
2389 2096 2451 2139 ut
2486 2096 2543 2139 et
2578 2090 2747 2143 tradit

1680 2161 1915 2213 disertim
1937 2163 2080 2225 Dio;
2120 2172 2177 2215 et
2198 2165 2315 2215 exin
2338 2162 2600 2216 inferebat
2621 2166 2748 2230 Lip-

1678 2238 1782 2287 sius
1804 2236 1965 2287 fuisse
1989 2237 2249 2303 duplicem
2269 2241 2499 2303 amitam,
2515 2239 2746 2305 Lepidam

1678 2327 1884 2377 nempe,
1924 2328 2039 2380 quae
2082 2315 2381 2367 testimonio
2418 2314 2615 2368 afflicta
2648 2324 2747 2381 est,

1669 2389 1826 2453 ,iuxta
1862 2392 2186 2456 Suetonium,
2220 2401 2278 2444 et
2307 2394 2547 2456 aiteram,
2576 2394 2745 2445 Βοιηί-

1678 2466 1798 2517 tinm
1828 2482 2037 2532 nempe,
2059 2483 2176 2535 quie
2196 2484 2319 2520 mox
2342 2470 2621 2535 occiditur,
2644 2472 2748 2521 lar-

1678 2544 1793 2609 gius
1816 2552 2057 2610 purgata.

1742 2622 1846 2673 Sed
1870 2633 2017 2673 certe
2048 2624 2231 2689 Lepida
2266 2622 2380 2675 baec
2419 2628 2476 2674 et
2512 2624 2747 2689 Domitia,

1678 2714 1782 2751 una
1812 2698 2095 2765 eademque
2128 2714 2349 2763 persona
2383 2706 2483 2763 est,
2510 2706 2569 2751 ut
2606 2700 2745 2751 clare

1678 2780 1827 2839 patet
1850 2788 1917 2823 ex
1933 2774 2061 2825 Tac.
2086 2776 2184 2827 boc
2205 2777 2353 2826 loco:
2388 2776 2462 2825 nil
2485 2776 2677 2827 certius
2698 2774 2745 2827 si

1679 2848 1915 2902 conferre
1937 2850 2065 2901 velis
2078 2852 2312 2902 Tacitum
2330 2866 2449 2902 cum
2464 2852 2729 2903 Suetonio.

1742 2928 1863 2979 Tac.
1887 2927 1971 2979 hic
2003 2928 2078 2977 sic
2110 2927 2298 2979 babet:
2333 2928 2569 2993 ‘Lepida
2604 2928 2750 2978 blan·

1680 3003 1924 3053 diruentis
1966 3012 2021 3053 et
2064 3003 2424 3069 largitionibus
2458 3004 2747 3068 juvenilem

1678 3081 1901 3131 animum
1940 3079 2194 3147 (Neronis
2236 3077 2447 3143 nempe)
2486 3078 2746 3131 devincie-

1676 3154 1803 3207 bat.'
1868 3156 1938 3205 Et
1972 3154 2187 3205 Sueton.
2221 3154 2351 3205 Ner.
2393 3166 2587 3207 κων.
2622 3153 2747 3205 ami-

1678 3239 1789 3281 tam
1818 3229 1971 3283 ‘cum
1993 3246 2061 3281 ex
2092 3230 2288 3281 duritia
2323 3230 2427 3281 alvi
2464 3230 2747 3283 cubantem

1680 3308 1935 3370 visitaret,
1956 3314 2016 3357 et
2052 3307 2145 3358 illa
2183 3314 2416 3359 tractans
2450 3308 2747 3371 lanuginem

1679 3383 1815 3449 ejus,
1852 3392 1912 3433 ut
1954 3384 2167 3449 assolet,
2196 3384 2308 3449 jam
2352 3382 2564 3447 grandis
2601 3388 2746 3446 natu,

1679 3474 1774 3525 per
1817 3459 2096 3511 blanditias
2135 3458 2275 3510 forte
2314 3458 2549 3521 dixisset,
2582 3455 2746 3506 Simul

1676 3536 1810 3587 banc
1834 3550 2112 3601 excepero,
2138 3534 2265 3586 mori
2290 3530 2439 3598 volo,’
2458 3536 2559 3583 otc.
2582 3530 2746 3597 igitur

1678 3627 1780 3662 una
1803 3612 1985 3665 eadem
2022 3612 2137 3677 ipsa
2156 3618 2241 3661 est
2259 3610 2434 3673 amita,
2466 3622 2583 3675 qum
2606 3617 2753 3661 utro⁴

1679 3688 1836 3755 bique
1860 3688 2060 3741 Neroni
2082 3686 2429 3738 abblanditur.

1745 3764 1932 3829 Itaque
1956 3761 2139 3813 confer
2161 3763 2353 3827 passim
2370 3763 2606 3815 Tacitum
2628 3777 2747 3817 cum

1676 3841 1947 3905 Suetonio,
1964 3848 2023 3891 et
2040 3841 2277 3891 Tacitum
2314 3856 2431 3892 cum
2452 3842 2661 3907 Tacito,
2682 3857 2745 3895 ac

1676 3918 1980 3969 Suetonium
2002 3932 2119 3969 cnm
2147 3918 2396 3969 Suetonio
2427 3920 2576 3985 ipso;
2610 3920 2746 3969 clare

1678 3992 1962 4061 perspicies
1986 4006 2139 4045 unam
2161 3991 2323 4045 fuisse
2345 3996 2555 4047 amitam
2578 3996 2747 4051 Nero·

1674 4071 1780 4135 nis,
1803 4084 1990 4136 nempe
2012 4070 2265 4136 Lepidam
2296 4071 2599 4135 Domitiam,
2627 4086 2743 4139 qua

1678 4162 1782 4199 una
1821 4149 1917 4199 hoc
1941 4146 2139 4215 duplici
2172 4146 2424 4199 vocabulo
2461 4146 2746 4219 appellate·-

1681 4230 1783 4276 tur·
