3200 4934
391 268 455 380 21,
467 317 538 375 ,0.
562 316 675 381 ως]
708 373 713 381 ,

399 474 753 541 paresque·
778 452 1083 521 rationesj
1131 472 1283 519 cum
1316 452 1610 537 Republ.
1659 452 1970 519 haberet:

1083 308 1495 367 ANNALIUM
1548 312 1616 361 [al
1629 312 1694 360 ns
1735 312 1938 363 1111.-

2424 302 2610 381 11139:

2071 456 2388 541 Praeceps
2433 470 2598 547 post
2630 501 2639 509 -

391 558 545 624 haec
570 556 943 640 Agrippina
970 574 1159 620 ruere
1188 554 1277 619 ad
1302 562 1614 621 terrorem
1642 564 1714 619 et
1737 558 1990 636 minas3
2021 576 2230 641 neque
2261 558 2595 646 Principis

394 659 661 721 auribus
690 658 1044 733 abstinere,
1078 674 1214 738 quo
1242 655 1463 719 minus
1490 660 1868 733 testaretur,
1899 662 1919 691 ‘
1950 657 2246 723 adultum
2267 660 2415 742 jam
2447 668 2606 727 esse‘

396 758 875 835 Britannicum,
908 776 1133 823 veram
1160 756 1559 841 dignamque
1590 759 1868 841 stirpem
1915 759 2344 842 suscipiendo
2381 764 2594 845 patris

386 860 693 943 imperio,
722 860 907 945 quod
936 860 1177 925 insitus
1200 866 1268 925 et
1295 858 1658 941 adoptivus
1681 879 1798 943 per
1829 858 2102 945 injurias
2145 863 2375 928 matris
2399 882 2602 929 exer-.

392 1020 734 1087 Reipublicae.
805 1025 933 1075 Exin
954 1022 1221 1089 Agrippina
1242 1037 1409 1079 cesana
1430 1026 1477 1071 et
1498 1028 1659 1086 atrox,
1681 1029 1934 1085 exterrere,
1953 1023 2145 1088 minari,
2161 1040 2305 1089 neque
2333 1028 2405 1082 vel
2431 1026 2597 1095 caq-

390 1088 462 1133 ris
486 1088 679 1143 auribus
706 1104 917 1152 parcere,
940 1090 1050 1151 quin
1084 1090 1197 1152 ipso
1235 1102 1407 1137 coram
1444 1094 1697 1151 promeret,
1730 1090 1839 1151 jam
1881 1088 2170 1137 adolevisse
2210 1091 2591 1155 Britannicum,

390 1151 670 1213 l‘e‘gitimam
692 1154 1030 1217 idoneamque
1053 1152 1282 1201 sobolem
1308 1152 1628 1215 capessendo
1667 1154 1829 1215 patris
1866 1154 2101 1217 imperio,
2127 1154 2268 1217 qnod
2295 1155 2587 1206 subditivus

390 1222 447 1267 et
486 1217 739 1267 ascititius
784 1219 928 1282 Nero,
963 1231 1061 1283 per
1092 1216 1311 1281 injurias
1342 1217 1595 1281 parentis,
1633 1222 1860 1280 regeret.
1929 1218 2050 1267 Non
2082 1218 2334 1269 obsistere
2369 1234 2446 1283 se,
2466 1220 2590 1286 quin

1388 1352 1600 1403 NOTAE

387 1484 449 1539 in
466 1487 735 1539 eoaaltem
764 1489 963 1550 gratum
999 1499 1055 1535 se
1078 1485 1311 1537 exhibuit
1330 1498 1453 1546 erga

386 1562 679 1614 ministrum
732 1576 838 1613 suae
896 1560 1185 1624 adoptionis
1242 1565 1299 1608 et
1360 1559 1449 1607 im-

387 1636 543 1697 perii,
566 1634 701 1700 quod
738 1636 875 1684 illius
915 1649 1013 1698 ope
1050 1634 1277 1699 adeptus
1302 1639 1445 1683 erat:

387 1715 445 1759 et
478 1710 553 1759 sic
586 1710 771 1761 eodem
806 1711 889 1760 die
913 1725 1014 1775 quo
1038 1710 1189 1772 exiit,
1223 1709 1277 1759 id
1302 1709 1447 1773 pepi·

388 1786 525 1848 gerit
544 1786 731 1837 -Pallas
774 1802 891 1837 eum
935 1788 1047 1851 ipso
1086 1787 1314 1848 Nerone,
1358 1786 1447 1851 qui

386 1868 713 1925 arrogantem
754 1862 1009 1912 hominem
1072 1862 1227 1913 rebus
1268 1862 1447 1925 depul-

386 1950 497 1993 sum
537 1939 872 1997 vehementer
906 1938 1183 2002 cupiebatz
1218 1936 1355 1989 forte
1392 1943 1449 1987 et

382 2012 676 2069 incitabant
697 2014 919 2077 proximi
940 2012 1307 2076 praevalidique
1325 2013 1449 2061 ami-

382 2088 451 2151 oi,
472 2090 559 2153 qui
596 2089 891 2152 depressam
924 2086 1235 2152 Agrippinae
1266 2094 1457 2151 potem,

382 2162 507 2213 tiam
530 2164 759 2213 voluere.

448 2241 703 2305 Pepigerat
721 2240 907 2305 Pallas]
948 2240 1194 2306 Capiunt,
1216 2240 1361 2305 quasi
1382 2254 1445 2290 eo

379 2313 493 2377 ipso
524 2320 775 2379 tempore,
808 2330 909 2381 quo
942 2316 1345 2381 digrediebatur,
1386 2315 1441 2372 id

380 2392 665 2457 pepigisset
719 2393 923 2454 Pallas3
990 2392 1149 2459 quod.
1171 2408 1272 2447 non
1316 2392 1441 2443 satis

378 2466 563 2532 liquet.
588 2496 597 2503 ·
632 2470 822 2533 Neque
852 2468 989 2519 forte
1013 2469 1325 2532 tempestiva
1348 2469 1440 2518 illa

378 2536 659 2605 niomenta,
694 2550 785 2593 aut
822 2544 948 2593 satis
986 2544 1146 2591 mollio
1158 2543 1303 2603 sandi
1324 2547 1443 2594 temae

370 2633 509 2685 pora,
534 2632 635 2680 non
666 2617 719 2665 id
755 2623 959 2680 tempus
998 2616 1153 2665 dandi
1180 2616 1439 2680 accipien-

378 2694 535 2759 dique
558 2689 879 2745 conditiones
917 2706 948 2741 a
978 2691 1295 2755 dominante,
1322 2708 1440 2743 cum

377 2769 492 2833 quis
516 2769 691 2833 rebus,
714 2769 901 2833 gratia,
919 2769 1138 2832 aulaque
1159 2774 1444 2819 amovetur.

440 2846 597 2897 Forte
616 2846 791 2909 potius
816 2844 927 2907 jam
954 2844 1173 2907 primum
1212 2843 1267 2892 id
1292 2844 1437 2906 pepl-

376 2926 547 2985 gerat,
588 2925 839 2970 metuens.
860 2919 1287 2983 impendentium,
1318 2934 1436 2970 cum

374 2996 631 3049 facilitate
672 2996 889 3061 Claudii
948 2996 1301 3059 praepolleret,
1345 3003 1437 3046 aut

374 3088 495 3123 cum
538 3074 593 3122 in
630 3071 1029 3137 flagrantissima
1087 3072 1258 3135 gratia
1300 3079 1439 3122 esset

374 3147 535 3199 etiam
558 3148 650 3197 sub
674 3146 905 3211 Nerone,
935 3148 1018 3203 cui
1036 3148 1253 3200 dederat
1272 3149 1437 3213 impe-

374 3223 551 3287 rium„
577 3231 634 3273 et
673 3221 849 3275 favore
906 3222 1233 3289 Agrippinae,
1282 3238 1435 3289 quam

371 3306 688 3365 provexerat
740 3301 967 3365 nuptiis·
996 3301 1267 3366 principis,
1320 3298 1437 3351 sub-⁴

372 3378 521 3441 nissns
541 3393 555 3439 ;
574 3378 715 3433 ,nihil
741 3384 913 3427 tamen
938 3376 1154 3428 affirmo.

436 3451 451 3485 ¹
480 3452 894 3519 Inter-rogaretur]
944 3454 1019 3521 ‘Id
1062 3460 1161 3517 est,
1202 3453 1436 3504 accusari

370 3540 473 3575 non
498 3538 671 3591 posset
694 3536 784 3580 aut
808 3530 1107 3592 examinari,
1137 3530 1271 3581 ratio
1296 3529 1435 3597 nulla

371 3609 698 3665 repeteretur
737 3606 803 3655 (le
838 3620 1145 3673 quacunque
1182 3620 1239 3653 re
1279 3620 1431 3672 quam

372 3677 630 3745 gessisset.
664 3681 749 3731 Sic
770 3681 906 3748 infra
925 3697 1039 3731 xiv.
1056 3688 1139 3731 46.
1162 3683 1431 3740 {Damna-

370 3762 455 3805 tus
466 3753 649 3803 iisdem
664 3758 960 3810 consulibus
976 3758 1277 3823 Tarquitius
1290 3758 1433 3807 Pris-

368 3844 461 3885 cus
484 3832 907 3901 repetundarum,
932 3834 1184 3899 ‚Bithynis
1219 3836 1431 3887 interro·

368 3906 649 3970 gentibus,'
673 3911 772 3957 dcc.
1014 3904 1017 3907 ’

430 3984 501 4031 Et
524 3982 560 4031 1.
586 3996 705 4031 xvi.
737 3983 825 4031 ubi
856 3982 921 4033 de
956 3986 1127 4035 Barea
1158 3987 1351 4037 Sorano
1376 3993 1431 4034 et

364 4056 475 4127 filia
507 4057 620 4121 ejus
655 4064 921 4119 accusata,
950 4060 971 4119 ξ
996 4059 1133 4123 quod
1156 4060 1429 4123 pecuniam

366 4132 548 4207 Magis,
580 4133 822 4205 dilargita
876 4133 1054 4199 esset:
1093 4135 1193 4198 §zc-
1256 4149 1302 4187 c.
1340 4138 1429 4188 m.

1531 1483 1664 1533 Tum
1708 1482 2108 1547 ‘interrogante
2165 1488 2484 1547 accusatore,
2529 1498 2598 1540 an

1532 1560 1700 1609 cultus
1726 1559 1944 1620 dotales,
1979 1574 2043 1608 an
2087 1560 2377 1609 detractum
2400 1560 2596 1619 cervici

1528 1636 1720 1686 monile
1745 1635 2162 1699 venundedisset,
2192 1650 2296 1700 quo
2321 1636 2594 1699 pecuniam

1528 1711 1781 1761 faciendis
1802 1711 2018 1776 magicis
2039 1712 2196 1761 sacris
2221 1712 2590 1763 contraheret.'

1588 1784 1606 1829 1
1639 1788 1876 1851 Pau-esque
1897 1786 2128 1851 rationes]
2163 1786 2226 1837 Id
2257 1794 2336 1837 est
2374 1788 2477 1852 (uti
2502 1789 2591 1853 jn·

1526 1863 1597 1912 ris
1641 1864 1866 1913 consulti
1909 1862 2212 1929 loquuntur)
2263 1870 2322 1914 ut
2369 1866 2590 1928 pariator-

1527 1944 1683 1999 esset,
1722 1940 1830 1987 sive
1870 1938 2190 1989 ἅλοίπαστοςε
2249 1954 2346 1988 nec
2387 1942 2588 2004 reliqua

1526 2014 1630 2063 ulla
1649 2013 1884 2067 haberet.
1947 2016 2034 2065 Sic
2067 2029 2232 2077 parem
2249 2014 2483 2070 rationem
2499 2016 2584 2075 sa-

1526 2103 1632 2137 cere
1653 2090 1851 2138 Seneca
1873 2088 2026 2152 dixit,
2047 2091 2201 2153 epist.
2225 2090 2258 2141 l.
2282 2103 2344 2140 ιι.
2367 2096 2424 2138 et
2445 2090 2480 2139 1.
2505 2104 2588 2143 vx·

1528 2166 1615 2217 De
1638 2162 1812 2215 benef.
1837 2181 1881 2215 c.
1913 2170 1996 2215 40.
2026 2166 2152 2215 item
2184 2166 2376 2217 Jurisc.
2415 2166 2450 2215 l.
2489 2167 2586 2219 ult.

1525 2242 1614 2291 De
1641 2241 1746 2291 doli
1785 2249 1993 2306 except.
2031 2242 2066 2293 l.
2109 2256 2204 2293 xx.
2253 2244 2338 2293 De
2360 2257 2586 2303 manum.

1524 2323 1730 2369 testam.
1794 2318 2002 2383 Limus.

1584 2394 1824 2457 Por-esque
1863 2396 2074 2443 rationes
2119 2394 2333 2458 haberet]
2388 2394 2584 2453 Vetere

1519 2468 1726 2531 Repub.
1753 2484 1929 2519 ornnes
1967 2472 2107 2519 cives
2131 2486 2300 2521 rerum
2333 2485 2364 2518 a
2395 2486 2449 2522 se
2475 2487 2586 2535 ges-

1518 2550 1688 2591 tarum
1711 2544 1960 2593 rationem
2001 2545 2218 2609 reddere
2253 2545 2586 2613 tenebantur,

1518 2620 1573 2663 et
1611 2616 1858 2678 petebant
1893 2632 1925 2664 a
1964 2624 2164 2675 senatu,
2195 2625 2254 2666 ut
2277 2633 2339 2667 ea
2362 2628 2474 2668 rata
2492 2620 2581 2669 ha-

1521 2688 1794 2753 berentur,
1820 2704 1912 2739 seu
1947 2696 2004 2737 ut
2042 2696 2162 2739 acta
2193 2704 2368 2740 eorum
2391 2694 2584 2741 exami-

1519 2775 1644 2817 nata
1663 2768 2107 2820 confirmarentur.
2575 2830 2583 2838 “

1582 2844 1790 2893 Primus
1815 2844 1991 2895 Caesar
2003 2842 2230 2893 dictator
2251 2842 2304 2893 id
2329 2842 2580 2907 obtinuit,

1518 2925 1576 2970 ut
1598 2934 1660 2968 ea
1681 2926 1796 2971 rata
1817 2927 1991 2971 essent
2009 2934 2126 2985 quae
2161 2920 2416 2984 gessisset,
2436 2921 2584 2979 nulla

1518 2996 1726 3046 reddita
1766 2997 1982 3059 ratione,
2033 2996 2156 3063 quia
2199 2998 2396 3047 victor:
2458 2997 2577 3052 (lein

1516 3071 1780 3135 Augustus
1819 3079 1874 3123 et
1913 3072 2077 3125 secuti
2124 3065 2378 3136 principes
2419 3074 2580 3125 etiam

1509 3150 1728 3213 jussere,
1748 3157 1806 3199 ut
1843 3150 1896 3197 in
1935 3156 2053 3209 acta
2087 3162 2179 3196 sua
2192 3147 2461 3211 juraretur
2477 3149 2579 3197 sin-

1518 3224 1652 3287 gulis
1676 3225 1839 3273 annis.
1907 3224 1995 3272 lta
2017 3230 2075 3271 nt
2093 3237 2234 3285 pares
2264 3236 2368 3270 eum
2393 3222 2576 3287 qub.

1513 3300 1724 3349 rationes
1743 3299 2014 3347 haberent.

1578 3373 1733 3428 Quod
1757 3380 1811 3423 et
1831 3374 2276 3425 communicavere
2313 3373 2489 3424 amicis
2520 3381 2578 3432 et

1514 3449 1792 3510 ministris3
1829 3448 1966 3514 quod
1989 3464 2126 3499 nunc
2148 3449 2394 3500 Claudius
2419 3451 2578 3501 etiam

1510 3524 1716 3574 libertis
1739 3525 2020 3573 concessit.
2049 3524 2433 3593 Pepigeratque
2457 3526 2574 3575 l’al-

1516 3602 1591 3649 las
1615 3614 1718 3648 non
1748 3614 1863 3649 eum
1898 3600 2100 3663 Repub.
2134 3616 2246 3665 quae
2288 3603 2571 3663 nullatum

1513 3674 1634 3737 fuit,
1673 3674 1765 3723 sed
1808 3689 1924 3723 cum
1987 3676 2246 3741 principe,
2297 3685 2357 3726 ut
2405 3690 2574 3741 neque

1514 3751 1759 3817 princeps
1783 3751 1891 3811 ipse
1917 3754 2166 3800 rationem
2187 3752 2397 3816 exigere
2419 3752 2483 3799 ab
2506 3765 2572 3799 eo

1510 3834 1706 3891 posset,
1727 3828 1803 3876 ita
1821 3836 1878 3876 ut
1899 3826 1971 3875 sic
1993 3826 2210 3876 haberet
2248 3826 2460 3875 easdem
2493 3837 2572 3871 ra·

1514 3906 1680 3953 tiones
1723 3918 1838 3955 cum
1891 3904 2092 3967 Repub.
2153 3918 2244 3953 seu
2301 3916 2413 3950 cum
2457 3900 2572 3961 ipso

1510 3981 1769 4045 principe,
1794 3980 1880 4043 qui
1922 3994 2106 4043 nempe
2142 3977 2310 4028 omnia
2348 3974 2570 4053 Reipub3

1510 4058 1682 4107 munia
1702 4056 1754 4108 in
1775 4070 1830 4103 se
1856 4062 2106 4105 traxerat.

1572 4128 1788 4185 Sciebat
1811 4130 1980 4181 Pallas
1999 4130 2124 4181 illud
2150 4142 2392 4178 arcanum
2414 4124 2572 4179 domi·
