3200 4934
363 377 416 428 J.
439 375 624 440 cae]

1060 365 1470 418 Annsmuu
1521 365 1671 418 mn.
1718 367 1834 415 Xl·
1872 372 1883 389 ³

2390 352 2565 419 1108

363 518 535 578 retur
553 514 764 577 imno
795 511 884 576 iis
901 517 948 574 ε·
989 516 1090 575 at⁴
1137 511 1448 576 redderet
1471 507 1769 590 uxorem,
1814 515 2271 596 nmpoiettpo
2298 509 2561 576 tabulas

361 613 750 696 nuptialem·
767 660 774 669 .
793 616 814 646 ‘
833 611 942 676 An
969 611 1418 690 discidium,’¹’
1443 615 1674 696 inquit,
1707 617 1729 668 .‘
1756 620 1937 678 tam
1966 613 2143 676 nosti
2162 614 2197 676 {t
2238 623 2395 676 nam
2422 631 2560 678 ma-

363 715 733 800 trimonium
781 715 934 778 Silii
979 712 1152 777 vidit
1199 715 1500 798 populus
1543 721 1614 778 et
1659 715 1941 779 Senatus
1970 721 2036 780 et
2062 715 2291 779 miles:
2338 733 2441 791 ac,
2494 715 2567 777 ni

361 829 641 904 propere
671 815 844 898 agis»,
873 819 1052 880 tenet
1078 817 1312 880 urbem
1337 813 1687 880 maritusl⁶

363 1016 450 1060 tur
471 1011 538 1059 iis
559 1013 746 1060 «diriter
767 1012 936 1073 Silium
959 1017 1012 1061 st
1025 991 1334 1061 restitueret
1345 1005 1626 1069 soeminan‘n
1640 1011 2063 1077 rescinderetque
2076 1012 2277 1063 tabulas
2298 1013 2564 1063 matrimo-

361 1075 455 1126 nii.
519 1073 605 1124 An
627 1075 902 1126 divortium
924 1083 1088 1138 tuum,
1121 1076 1298 1138 inquit,
1321 1075 1623 1136 comperisti
1645 1077 1664 1124 ?
1701 1076 1911 1140 Quippe
1936 1079 2137 1140 nuptias
2160 1077 2271 1126 Silii
2292 1092 2563 1126 mamers

363 1141 448 1188 enm
467 1140 728 1202 spectavit
749 1141 988 1217 populus,
1003 1146 1062 1191 et
1082 1147 1308 1198 senatus,
1329 1146 1386 1189 et
1403 1139 1578 1190 miles:
1614 1145 1673 1190 et
1692 1139 1791 1191 nisi
1818 1137 2049 1207 festinas,
2070 1141 2183 1208 jam
2204 1142 2363 1191 habet
2381 1141 2564 1192 civita-

364 1207 470 1252 tem
493 1201 572 1253 vir
593 1203 680 1254 Me

1279 1311 1482 1336 ‘mu‘

1485 1313 1637 1336 ”On

363 1400 518 1449 Bodl.
555 1401 664 1453 Jes.
687 1401 868 1452 Guelf.
907 1409 966 1453 et
1002 1403 1342 1464 Puteolanus,
1372 1408 1751 1468 apparatum—4
1784 1404 2074 1456 Gronovius
2096 1410 2151 1454 et
2176 1404 2403 1468 Ryckins
2424 1405 2567 1454 imm

363 1464 448 1527 iis,
469 1469 516 1513 et
532 1481 549 1514 ε
585 1467 858 1516 Brotierus
879 1475 936 1516 et
959 1467 1218 1518 Homerus
1241 1467 1402 1518 immo.
1455 1469 1535 1518 -Ae
1556 1469 1617 1516 is.

1355 1607 1570 1660 Nom

359 1711 479 1769 ideo
502 1720 876 1770 accusationem
909 1721 1022 1771 Silii
1046 1721 1110 1772 ab
1131 1736 1185 1773 se
1207 1723 1434 1785 institui,

363 1801 422 1845 nt
444 1789 644 1844 doii'mm
662 1795 862 1860 aliaque
885 1809 949 1845 ex
961 1797 1270 1861 patrimonio
1285 1799 1424 1862 prin-

364 1869 492 1934 cipis
514 1871 562 1920 ei
584 1869 719 1920 dono
743 1886 772 1920 a
799 1873 1099 1922 Messallina
1120 1873 1260 1935 data,
1276 1888 1422 1938 repe-

363 1951 521 2009 teret,
558 1945 680 2010 quin
705 1945 967 1997 frueretur
1005 1948 1106 2011 iis;
1137 1964 1233 1999 nec
1268 1948 1424 2014 enlm,

361 2019 416 2069 ln
439 2027 586 2070 tanta
601 2024 871 2072 atrocioris
892 2024 1070 2074 delicti
1090 2026 1422 2089 enormitate,

359 2097 495 2147 levia
515 2098 628 2148 baec
659 2099 1099 2151 animadversione
1121 2100 1276 2166 digna
1291 2117 1438 2168 esse,⁸

363 2173 460 2224 sed
497 2173 601 2223 alla
633 2175 784 2238 longe
818 2177 1055 2240 graviora
1088 2177 1318 2240 subesse,
1349 2176 1426 2226 in-

363 2247 500 2311 nuit,
525 2247 650 2298 dum
669 2264 783 2299 enm
806 2265 1016 2301 uxorem
1035 2253 1258 2318 principi
1268 2253 1426 2320 jubet

363 2315 602 2374 reddere.
637 2324 854 2376 Freinsli.

430 2397 614 2460 Recte,
635 2415 691 2448 ne
711 2403 898 2450 domum
916 2407 1193 2466 reposceret,
1218 2417 1312 2467 pro
1336 2417 1428 2467 ge-

365 2471 452 2522 nio
472 2471 645 2525 liberti
681 2477 938 2526 monentis
963 2479 1116 2529 talem
1140 2479 1424 2544 dominnm,

365 2547 452 2596 cni
474 2555 528 2598 et
563 2563 786 2600 summus
827 2557 943 2602 erat
979 2555 1223 2618 magister
1263 2555 1424 2604 domi-

364 2625 606 2677 nationis.

428 2701 510 2750 Ne
549 2701 758 2766 domum]
790 2703 948 2768 Puto,
988 2705 1303 2772 praecipuam
1347 2721 1428 2756 sn-

365 2777 682 2840 pellectllem
741 2785 798 2828 et
849 2779 866 2808 ‘
890 2780 1133 2844 quicquid
1195 2782 1428 2832 habitum

367 2851 662 2902 Neronibus
683 2859 740 2902 et
761 2853 984 2904 Drusis?
1031 2855 1290 2920 Quicquid
1315 2871 1430 2920 pre-

366 2927 553 2978 tiosum
595 2927 720 2990 fuit,
764 2943 1008 2992 gemmas,
1053 2943 1252 2990 aurum,
1296 2943 1434 2996 vass,

365 3009 562 3066 vestes,
605 3017 752 3067 opes,
783 3005 954 3052 omnia
987 3005 1207 3070 denique
1245 3004 1432 3054 instru-

365 3085 544 3139 menta
583 3081 728 3145 regni
762 3087 819 3129 et
855 3080 1008 3129 aulae.
1097 3081 1204 3128 Per
1245 3083 1432 3130 domum

369 3153 696 3220 intelligimus
716 3155 994 3220 mancipia,
1029 3157 1186 3206 etiam
1211 3163 1266 3206 et
1288 3164 1431 3207 cete·

365 3243 450 3280 ros
467 3233 746 3296 principalis
763 3231 984 3283 sortunae
1008 3239 1237 3298 paratus.
1304 3233 1430 3298 Ipse

371 3303 498 3356 Tac.
519 3306 706 3367 innuit,
734 3322 850 3357 cum
874 3307 1038 3370 addit,
1069 3309 1270 3358 servitiu
1289 3314 1336 3358 et
1358 3325 1430 3359 ce·-

370 3384 513 3444 teros,
535 3383 616 3446 &⁶-
649 3382 724 3431 sic
745 3397 902 3446 supra
924 3401 936 3432 :
969 3385 989 3413 ‘
1013 3387 1159 3434 velut
1181 3387 1434 3436 translata

366 3457 473 3519 jam
517 3455 742 3520 fortuna,
786 3457 945 3518 servi,
989 3459 1183 3521 liberti,
1223 3467 1434 3524 paratus

371 3533 620 3597 principis
669 3533 808 3598 apud
863 3533 1154 3584 adulterum
1197 3534 1436 3584 viseban-

375 3608 500 3660 tur!
1103 3621 1116 3638 ¹

379 3691 390 3698 ·
435 3692 458 3716 ²
495 3683 746 3734 Frater-etur
765 3683 906 3735 inuno
925 3685 1014 3750 iis]
1047 3685 1254 3750 Nempe
1281 3683 1436 3734 Silius

375 3759 597 3811 adulter.

417 3843 463 3871 '⁸
489 3837 832 3903 Rumperetquae
849 3837 1039 3892 tubulas
1055 3841 1316 3906 nuptiales]
1350 3837 1434 3890 Ad

375 3913 664 3978 legitimum
683 3915 992 3966 matrimonii
1028 3921 1203 3964 actum
1241 3916 1437 3966 tabulae

379 3993 436 4038 et
479 3988 766 4052 signatores
804 3987 1039 4040 adhibiti.
1122 3989 1338 4039 Tabulis
1383 3996 1439 4039 et

379 4061 476 4113 dos
530 4062 910 4127 continebatur,
961 4070 1018 4114 et
1081 4065 1172 4115 illa
1215 4064 1439 4115 solennis

379 4131 614 4201 'conjugii
649 4153 805 4187 cansa
845 4137 1040 4190 uberum
1075 4141 1442 4203 quarendos-um.

381 4211 676 4265 luvenalis:
698 4213 715 4241 ‘
735 4211 960 4280 Signatoe
982 4215 1204 4276 tabule}
1229 4213 1444 4274 dictum,

1503 1719 1771 1774 feliciter!
1836 1721 2109 1788 Apuleius,
2130 1723 2147 1752 ‘
2168 1723 2319 1777 Quod
2348 1725 2399 1775 in
2424 1725 2569 1789 villa,

1503 1799 1685 1848 nonin
1714 1798 1907 1862 oppido
1945 1799 2135 1850 tabulae
2159 1799 2263 1852 sint
2299 1801 2569 1864 consigna-

1503 1878 1592 1940 tae,
1626 1881 1809 1940 quarto
1844 1884 1898 1924 et
1934 1877 2115 1926 ultimo
2144 1878 2260 1926 loco
2288 1875 2575 1940 objecere.’

1501 1949 1852 2001 Meminerunt
1892 1966 1991 2001 non
2032 1953 2190 2000 semel
2222 1951 2569 2003 Jurisconsul-

1503 2027 1578 2076 ti:
1630 2035 1687 2077 et
1730 2028 1940 2090 proprio
1980 2027 2101 2075 huic
2140 2024 2213 2075 rei
2246 2025 2379 2075 libro
2415 2026 2475 2074 C.
2500 2025 2566 2074 V.

1505 2101 1817 2162 Brlssonius,
1838 2101 1986 2164 cujus
2008 2107 2265 2149 accuratae
2286 2097 2578 2160 diligentia-

1505 2167 1861 2242 doctrinaeque
1894 2189 1997 2224 non
2033 2190 2064 2222 a
2096 2189 2195 2236 me,
2230 2187 2329 2222 non
2363 2173 2429 2222 ab
2454 2173 2568 2222 aliis

1507 2252 1782 2318 quicquam
1808 2249 1960 2300 addo.
2026 2249 2102 2300 Ut
2132 2265 2252 2312 ergo
2276 2263 2352 2298 eae
2379 2248 2568 2298 tabulae

1502 2327 1831 2376 matrimonio
1842 2323 2118 2375 firmando:
2146 2323 2219 2374 sic
2236 2323 2429 2374 eaedem
2452 2337 2571 2388 rup-

1503 2409 1593 2465 tae,
1633 2402 1962 2468 dispar-ando.
2028 2399 2269 2452 Juvenal.
2308 2400 2569 2450 ‘Tabulas

1505 2493 1707 2545 quoque
1732 2483 1963 2542 ruperat,
1995 2483 2049 2526 et
2064 2477 2175 2539 Jam
2199 2475 2467 2540 Signabat,
2491 2481 2567 2524 to-

1508 2563 1564 2606 ta
1583 2557 1670 2606 vix
1692 2557 1806 2605 hoec
1828 2569 1925 2618 ego
1948 2561 2099 2602 nocte
2121 2550 2347 2601 redemi!
2381 2551 2467 2600 De
2491 2543 2579 2600 hisi

1507 2631 1697 2682 tabulis
1730 2632 1901 2680 locum
1924 2628 2145 2694 accipio,
2184 2625 2273 2692 qui
2309 2625 2360 2674 in
2385 2627 2572 2689 priscis·

1508 2707 1738 2758 Glossis:
1771 2706 1787 2733 ‘
1811 2706 2042 2755 Dicente
2080 2701 2300 2766 quadam
2339 2701 2585 2762 muliere,

1507 2781 1829 2846 congiarium
1865 2779 1956 2829 filii
1991 2780 2071 2829 sni
2116 2779 2343 2828 ablatum
2382 2791 2496 2826 esse
2540 2789 2573 2826 a

1510 2857 1685 2904 nescio
1706 2871 1825 2920 quo,
1848 2869 2065 2918 eumque
2089 2851 2249 2901 filium
2274 2866 2418 2900 suum
2442 2865 2577 2918 esse,

1511 2937 1568 2980 et
1591 2931 1655 2980 ad
1690 2944 1747 2978 se
1771 2929 2033 2993 pertinere
2065 2926 2397 2991 congiarium,
2420 2941 2576 2989 nega·

1508 3005 1588 3055 vit
1609 3007 1769 3054 alius:
1807 3003 2074 3068 respondit
2104 3001 2305 3065 mulier,
2336 3001 2575 3052 Latinam

1508 3096 1566 3131 se
1608 3081 1788 3144 fuisse,
1829 3080 2035 3146 nuptias
2076 3094 2200 3129 vero
2245 3093 2347 3130 non
2392 3077 2581 3129 fuisse..

1509 3157 1639 3208 Cum
1662 3171 1786 3223 ergo
1820 3171 1921 3206 non
1959 3156 2217 3221 potuisset
2252 3169 2371 3204 eum
2402 3161 2575 3202 osten-

1509 3233 1634 3282 dere
1668 3233 1829 3282 filium
1864 3247 2029 3294 sunm,
2063 3229 2129 3280 de
2164 3244 2267 3292 quo
2306 3228 2579 3292 agebatur,

1509 3324 1629 3359 cum
1665 3322 1766 3357 non
1803 3307 1873 3356 sit
1909 3313 2027 3355 tuus
2065 3303 2225 3368 filius,
2262 3302 2577 3368 congiarium

1510 3383 1707 3434 redde.'
1738 3383 1951 3444 Lipsius.

1575 3456 1600 3491 b
1632 3457 1714 3508 Aa
1731 3453 2009 3522 discidium]
2051 3457 2139 3507 De
2163 3455 2379 3506 discidio
2404 3455 2579 3508 matri·

1514 3532 1690 3582 monii.
1760 3531 1964 3581 Plutar.
1987 3531 2040 3580 in
2074 3531 2251 3581 libello
2288 3533 2374 3596 qui
2396 3531 2578 3582 inscri-

1514 3609 1658 3660 bitur
1687 3608 1981 3664 Quoestiones
2006 3607 2147 3657 Rom.
2170 3609 2187 3636 ⁸
2216 3599 2402 3671 Itaque
2420 3607 2577 3658 etiam

1516 3683 1801 3749 antiquitus
1838 3697 2049 3733 uxorem
2090 3680 2363 3745 repudiare
2395 3698 2498 3732 non
2518 3683 2580 3731 li-

1514 3760 1646 3820 cuit,
1689 3772 1750 3806 ac
1774 3773 1836 3807 ne
1858 3773 1994 3807 nunc
2030 3757 2236 3822 quidem
2272 3757 2413 3818 licet,
2455 3755 2581 3824 (nisi

1516 3833 1651 3899 quod
1674 3832 1773 3882 hoc
1796 3833 2033 3896 permisit
2053 3833 2164 3896 ejus
2198 3832 2269 3881 rei
2310 3829 2475 3896 gratia
2504 3831 2581 3880 in-

1518 3910 1829 3974 terpellatus
1842 3918 2017 3960 nostra
2032 3915 2190 3960 aetate
2204 3909 2525 3960 Domitianus
2538 3903 2583 3968 ε)

1519 3986 1735 4038 aderant
1789 3992 1961 4035 nantem
2008 3985 2223 4035 discidio
2266 3979 2582 4032 matrimonii

1521 4063 1819 4114 sacerdotes
1843 4061 2095 4116 terribilia
2129 4061 2308 4120 multa,
2342 4065 2397 4111 et
2428 4054 2582 4108 inusi-

1522 4143 1653 4200 tata,
1676 4145 1829 4202 atque
1848 4139 2014 4188 tristia
2032 4135 2275 4199 agentes!

1525 4209 1534 4220 '
1587 4217 1611 4246 θ
1673 4209 1913 4274 Maritus]
1976 4211 2197 4262 Maritus
2246 4207 2582 4273 Messallinae,
