3200 4934
411 370 466 423 J.
491 371 554 423 C.
579 368 684 433 δί]
749 398 752 405 ·

1129 360 1540 410 nennium
1587 360 1737 409 1213.
1780 359 1957 409 1111.

2435 342 2613 409 1511

413 508 708 574 miscuas
737 509 806 571 et
847 522 1046 591 pares
1071 523 1248 571 esse.
1331 500 1785 567 Tribuendum
1832 500 2105 586 aliquod
2153 497 2405 580 telum‚‘
2428 500 2608 586 quod

415 610 634 691 sperui
672 613 979 690 nequeat.

1085 604 1236 670 Nec
1264 625 1465 688 grave
1490 604 1920 681 manumissis»,
1936 622 2069 687 per
2094 601 2269 667 idem
2298 605 2609 688 obsequi-

413 716 556 771 umss
583 709 902 773 retinendi
942 709 1336 785 libertatem,
1367 726 1487 790 per
1528 706 1709 790 quod
1761 706 2045 770 assecuti
2096 704 2246 769 siut.
2336 700 2454 767 At’
2482 705 2609 769 cri-

415 904 543 939 esse.
627 856 1136 955 concedendumpd
1137 890 1364 955 renisjus
1381 890 1517 1004 uliae

415 954 602 1003 lestum
643 970 739 1004 esse
761 955 924 1005 debere
960 895 1183 1018 libertis,

1485 889 1586 938 uod
1614 887 1751 953 quod
1776 886 1935 937 temni
1968 900 2071 935 nou
2104 884 2281 950 possit.
2352 884 2466 935 Nee
2502 900 2608 935 mo·

1519 968 1568 1003 m
1611 952 1955 1001 reverentiam
2000 951 2135 999 tueri
2166 950 2481 1013 libertatem,
2512 964 2611 1014 per

415 1032 565 1082 quam
585 1034 690 1069 eam
711 1018 894 1083 adepti
915 1020 1037 1068 sint.
1103 1019 1180 1069 At
1211 968 1498 1069 *1³²¹an
1527 1022 1843 1081 compertos,
1855 1015 1977 1079 jure
2010 1014 2063 1063 iu
2083 1014 2387 1064 servimtem
2421 1015 2609 1065 iterum

1334 1136 1687 1158 numo

477 1225 508 1270 7
538 1220 625 1269 Sic
649 1221 894 1271 Ernestus
916 1236 982 1271 ex
1001 1222 1132 1273 Mss.
1159 1222 1298 1271 Flor.
1323 1220 1504 1273 Guelf.
1526 1226 1582 1271 et
1604 1220 1831 1270 editione
1852 1217 2107 1282 principe.
2156 1217 2261 1267 Ms.
2278 1218 2410 1282 Reg.
2425 1223 2482 1268 et
2502 1216 2607 1268 Pu-

415 1284 670 1347 teolanus,
701 1301 772 1334 ac.

1405 1397 1454 1447 N
1463 1396 1620 1447 01·AE

477 1504 668 1571 Itaque
706 1506 885 1555 isthaec
905 1505 1182 1570 ἑπεήγησις
1214 1508 1290 1557 ita
1308 1508 1470 1570 expli·

413 1582 582 1633 cauda
604 1590 715 1634 est:
749 1585 1044 1634 centesimum
1081 1588 1210 1634 ultra
1248 1584 1470 1648 lapidem,

410 1665 556 1721 puta,
587 1658 640 1707 in
671 1674 800 1708 mm
828 1660 1131 1723 Campania.-
1165 1660 1312 1710 verbi
1354 1674 1469 1724 gra·

412 1733 504 1798 tia,
540 1734 592 1783 in
631 1750 762 1784 oram
809 1737 1112 1799 ean-pmcn.-
1146 1750 1262 1801 quae
1319 1748 1470 1799 poenn

414 1818 607 1874 quanta
637 1808 722 1873 εἰς
741 1826 808 1860 ex
843 1826 907 1861 eo
947 1826 1128 1862 noscas
1164 1812 1309 1873 licet,
1333 1812 1469 1877 quod

410 1885 618 1953 profugi
664 1888 875 1939 delicati
917 1890 969 1938 in
995 1889 1279 1953 Campania
1311 1889 1473 1938 subsi-

412 1963 537 2013 dere
555 1972 788 2027 possunt,
801 1972 857 2015 et
875 1964 1222 2015 subsederunt
1234 1964 1471 2029 quidam3

410 2054 528 2090 nam
567 2047 623 2090 et
658 2055 751 2089 ora
774 2041 1070 2102 Campania
1093 2043 1228 2090 ultra
1251 2040 1471 2090 centesi-

411 2130 548 2166 mum
573 2123 672 2165 est.
709 2116 987 2165 Gronwiau.

476 2192 692 2241 Frustra
734 2196 990 2255 reponunt
1016 2191 1320 2241 centesimum
1355 2192 1474 2255 lapi·

409 2266 516 2316 dem
533 2282 556 2325 ,⁶
588 2280 707 2315 nam
729 2266 775 2314 si
797 2266 848 2316 id
871 2272 1065 2316 temere
1088 2267 1346 2331 lieet,jam
1369 2280 1469 2317 non

407 2340 626 2391 Tacitus
670 2342 790 2403 erit,
833 2342 924 2392 sed
973 2348 1250 2393 ostentum.
1313 2343 1471 2408 Puto,

408 2430 514 2466 non
553 2416 636 2481 agi
671 2416 743 2466 ibi
790 2416 856 2467 de
899 2418 1216 2481 relegatione
1259 2418 1470 2482 proprie

411 2500 597 2555 sumta,
621 2494 762 2543 velut
793 2495 847 2543 iu
870 2494 1102 2544 crimine.
1171 2496 1349 2543 Inuuit
1370 2494 1472 2543 Ts-

410 2570 544 2621 citus
569 2568 729 2618 fuisse
768 2567 983 2618 libertos
1013 2574 1211 2618 amotos
1241 2568 1389 2629 urbe,
1417 2574 1472 2618 et

413 2643 701 2710 prohibitos
735 2649 952 2707 aspectu
982 2649 1039 2693 et
1060 2641 1211 2692 domo
1251 2642 1473 2707 patroni,

413 2727 470 2770 et
494 2718 700 2770 duriore
717 2718 862 2767 victu
897 2725 988 2768 aut
1007 2717 1186 2767 labore
1203 2718 1472 2769 divexatos

411 2802 468 2847 et
491 2793 766 2859 coercitos,
787 2794 922 2859 quod
946 2794 1109 2844 instar
1131 2793 1471 2845 damnationis

411 2870 532 2932 fuit,
554 2875 610 2921 et
632 2868 791 2920 fuisse
824 2870 1024 2933 ejectos
1059 2869 1212 2920 modo
1251 2870 1473 2935 longius,

411 2944 564 2995 modo
586 2946 794 3009 propius
815 2960 830 3005 3
865 2950 920 2994 et
940 2960 1034 3009 pro
1061 2946 1272 2996 arbitrio
1295 2953 1469 3011 patro-

411 3020 481 3084 ni,
502 3021 554 3070 in
577 3034 922 3086 quascumque
947 3035 1061 3070 oras
1077 3020 1396 3072 amandatos.

477 3098 750 3147 Leviorem
789 3112 1013 3162 poenam,
1040 3098 1266 3162 exempli
1299 3112 1471 3163 causa,

414 3168 571 3222 affert
585 3172 795 3222 Tacitus
844 3172 946 3237 hie,
985 3180 1043 3223 et
1096 3186 1204 3222 rem
1247 3175 1470 3224 oratorio

410 3247 549 3312 stylo
569 3247 769 3298 minuit.
818 3250 986 3300 Quam
1010 3262 1214 3312 poeuam
1241 3256 1383 3299 certe
1415 3256 1472 3299 et

381 3328 388 3335 “
411 3325 578 3375 severi
601 3332 776 3388 patres
799 3326 1102 3389 quaudoque
1123 3326 1472 3377 decernebant

413 3400 658 3450 adversus
681 3399 814 3450 filios
832 3406 1181 3463 contumaees,
1203 3401 1294 3451 sed
1316 3416 1470 3466 prop-

413 3482 559 3527 terea
579 3476 874 3527 acerbiores
895 3475 1242 3541 relegatioues
1263 3489 1364 3526 non
1386 3490 1473 3526 ex-

414 3552 577 3604 cludit
594 3551 824 3602 Tacitus.

483 3626 780 3691 campanie]
815 3626 949 3676 Vide
971 3632 1117 3676 notas
1138 3627 1173 3677 l.
1195 3640 1272 3677 vr.
1287 3642 1336 3677 c.
1362 3626 1430 3677 1.'

477 3706 500 3733 e
531 3701 776 3751 Libertum
820 3702 1023 3765 releget]
1089 3700 1472 3751 Paterfamilias

413 3777 623 3827 videtur
641 3777 882 3829 habuisse
902 3784 1218 3843 potestatem
1240 3780 1472 3845 relegan-

417 3852 468 3902 di
508 3866 739 3916 uxorem,
761 3851 938 3916 filium,
961 3861 1017 3903 et
1049 3854 1276 3905 libertos.
1337 3854 1469 3905 Ter-

413 3926 656 3977 tullianus
691 3926 729 3977 1.
764 3940 848 3976 ιιι.
883 3928 899 3954 ⁶
925 3928 1171 3978 Nonnulli
1208 3930 1366 3979 etiam
1401 3930 1468 3980 de

413 4001 725 4059 utilitatibus
766 4015 882 4051 cum
913 4002 1032 4052 odio
1067 4004 1170 4053 isto
1205 4004 1468 4069 paciscun-

418 4086 524 4149 tur,
555 4076 788 4129 conteuti
831 4075 1036 4142 injuria,
1069 4078 1190 4128 dum
1229 4092 1296 4127 ne
1332 4080 1470 4131 domi

411 4154 634 4208 babeant
652 4154 791 4221 quod
814 4154 1051 4207 oderunt.
1115 4154 1345 4206 Uxorem
1358 4155 1472 4221 jam

1552 1506 1789 1572 pudieam
1813 1507 2049 1569 maritus,
2060 1506 2173 1569 jam
2202 1518 2303 1554 non
2326 1506 2611 1570 zelotypus,

1549 1584 1707 1635 filium
1732 1584 2019 1647 subjectum
2048 1589 2199 1647 pater
2234 1592 2375 1632 retro
2412 1583 2611 1647 patiens

1551 1661 1831 1711 abdicavit.
1896 1660 2108 1709 Servum
2136 1660 2247 1722 jam
2282 1658 2613 1724 fidelem,do-

1548 1737 1717 1789 minus
1740 1736 1860 1785 olim
1882 1736 2023 1784 mitis
2044 1735 2110 1784 ab
2130 1736 2287 1783 oeulis
2324 1735 2613 1799 relegavit?

1613 1811 1773 1875 Puto,
1802 1812 1932 1861 tales
1970 1811 2182 1860 libertos
2222 1813 2525 1874 relegabant
2556 1812 2611 1863 in

1547 1902 1641 1937 sua
1674 1887 1891 1951 praedia,
1914 1886 1987 1936 ibi
2023 1887 2137 1936 illos
2177 1890 2409 1951 alebant,
2431 1896 2489 1939 et
2518 1890 2611 1939 ali·

1549 1977 1677 2027 quas
1700 1964 1859 2012 etiam
1882 1976 2068 2025 operas
2085 1960 2152 2012 ab
2174 1964 2275 2013 illis
2295 1964 2611 2027 exigebant3

1549 2044 1725 2088 tumen
1748 2039 2051 2088 clementius
2084 2052 2234 2101 quam
2268 2054 2298 2087 a
2320 2040 2500 2103 servis,
2524 2042 2611 2104 qui

1551 2112 1715 2162 vineti
1739 2112 1991 2176 compede
2010 2117 2067 2161 et
2089 2112 2141 2160 in
2166 2114 2461 2176 ergastulis.

1617 2188 1702 2237 Sic
1741 2188 1862 2238 olim
1892 2186 2121 2237 infensos
2144 2187 2275 2239 lilios
2298 2204 2387 2239 rus
2410 2192 2613 2256 relega.-

1549 2263 1696 2326 bant,
1733 2277 1829 2313 uec
1862 2262 2001 2313 forte
2046 2264 2157 2313 sine
2199 2265 2373 2330 aliquo
2416 2267 2611 2317 rustico

1550 2353 1713 2405 opere
1748 2342 1834 2391 vel
1857 2355 1984 2399 cura
2018 2341 2069 2389 in
2109 2355 2196 2390 rus
2218 2356 2399 2391 suum:
2432 2342 2611 2407 sicque

1549 2430 1653 2465 uon
1708 2416 1913 2479 mirum,
1950 2417 1994 2465 si
2037 2416 2091 2465 in
2139 2417 2434 2483 Campaniae
2469 2434 2613 2469 oram

1551 2492 1680 2540 tales
1704 2494 1964 2555 relegatos
1990 2491 2131 2541 dicat
2147 2494 2378 2555 Tacitus,
2394 2496 2515 2559 quia
2538 2496 2613 2545 ibi

1549 2567 1813 2630 praetoria,
1834 2573 1888 2616 et
1909 2567 2112 2631 praedia
2134 2571 2493 2621 amoenissima.

1616 2640 1687 2689 Et
1727 2640 1843 2703 lege
1876 2640 2010 2690 AElia
2044 2642 2227 2693 Seutia
2265 2653 2492 2710 cautum,
2512 2646 2529 2675 ‘
2554 2652 2615 2698 ut

1550 2714 1594 2765 si
1617 2721 1864 2779 patronus
1887 2715 2129 2766 libertum
2154 2717 2356 2783 inopem
2382 2735 2483 2770 nou
2506 2722 2614 2773 alu·

1549 2791 1670 2852 erit,
1704 2784 1817 2839 tam'
1846 2791 1977 2856 ipse,
2000 2806 2151 2856 quam
2190 2793 2233 2843 is
2274 2795 2339 2843 ad
2363 2809 2515 2861 quem
2549 2812 2615 2848 ea

1552 2880 1633 2917 res
1676 2865 1980 2930 pertinebit,
1999 2869 2300 2935 muletetur,
2320 2871 2510 2923 deiude
2536 2874 2613 2939 ip·

1550 2944 1655 2993 sius
1677 2943 1989 2993 haereditate
2033 2950 2142 2994 tum
2166 2945 2278 3009 ipse
2320 2953 2429 2997 tum
2451 2948 2613 3013 ipsius

1547 3018 1701 3068 liberi
1726 3020 2017 3083 priventur,
2035 3022 2133 3070 nisi
2155 3023 2321 3073 haeres
2341 3024 2611 3077 institutus

1547 3095 1652 3147 sit.’
1702 3095 1789 3145 Sic
1810 3096 1853 3145 si
1874 3088 2094 3147 libertus
2116 3098 2207 3148 ille
2224 3100 2487 3164 relegatus
2509 3100 2614 3153 fuit

1549 3170 1715 3233 dives,
1734 3185 1836 3221 non
1870 3186 1989 3221 eum
2028 3173 2172 3222 alere
2210 3173 2489 3225 tenebatur
2522 3190 2613 3240 pa-

1550 3252 1752 3297 tronus.

1616 3318 1639 3352 r
1663 3320 1871 3383 Aliquod
1900 3321 2068 3385 caum]
2102 3323 2468 3388 metaphorice
2504 3314 2613 3379 <1502

1551 3400 1683 3457 tum,
1706 3410 1805 3458 pro
1844 3396 2059 3447 decreto
2092 3398 2265 3463 aliquo
2294 3404 2477 3467 atroci,
2510 3420 2612 3471 quo

1551 3478 1797 3536 patronus
1830 3486 1887 3521 se
1910 3478 2146 3524 tueretur
2165 3475 2409 3528 adversus
2445 3478 2612 3545 ingra-

1550 3555 1634 3599 tos
1688 3548 1923 3610 libertos,
1968 3564 2069 3614 quo
2114 3549 2351 3603 fraudem
2404 3556 2609 3607 illorum

1551 3623 1744 3673 acriter
1767 3622 2060 3674 vindicaret
2083 3639 2145 3675 ae
2166 3630 2486 3681 retunderet.

1616 3700 1821 3764 Aliquod
1856 3700 2026 3763 telum]
2060 3701 2124 3751 Id
2162 3709 2258 3764 est,
2281 3704 2470 3768 legem,
2490 3719 2608 3769 que

1547 3774 1804 3840 irrogaret
1825 3776 2130 3841 supplicium
2154 3778 2366 3843 ingratis
2397 3788 2455 3830 et
2474 3782 2609 3830 male

1547 3852 1745 3903 meritis
1767 3852 1987 3916 libertis,
2023 3869 2137 3918 quae
2165 3863 2307 3906 metu
2330 3857 2445 3905 illos
2462 3856 2610 3906 eoe'r

1549 3936 1717 3993 ceret,
1738 3934 1795 3979 et
1816 3929 1869 3977 in
1893 3928 2144 3995 obsequio
2167 3932 2474 3981 contineret.

1614 4012 1641 4049 8
1672 4006 1773 4055 Per
1782 4007 1909 4055 idem
1926 4004 2218 4070 obsequitent]
2251 4004 2471 4068 Liberti,
2483 4004 2611 4055 lieet

1548 4081 1868 4145 manumissi,
1878 4086 2053 4131 tamen
2068 4094 2255 4144 operas
2276 4079 2477 4144 aliquas
2514 4093 2608 4131 seu

1551 4154 1723 4207 officia
1742 4156 1980 4222 quadam
2006 4163 2255 4222 prestare
2274 4154 2443 4209 adhue
2464 4162 2608 4210 tene·
