3200 4934
534 396 725 465 1212

1238 412 1301 465 Ο.
1344 412 1710 463 CORNELII
1753 411 2008 463 ΤΔΟῙΊἾ

2415 416 2507 485 [Α.
2533 418 2605 471 υ.
2625 423 2740 471 σοι.

1546 598 1758 650 NOTAE

552 754 691 799 esset
724 748 823 813 ipsi
852 747 1053 813 juveni.

615 823 804 889 Sicque
846 825 1001 875 etiam
1044 828 1420 889 consequenter
1469 826 1604 875 male

550 898 847 948 merebatur
868 898 933 947 de
956 898 1271 960 Britannico,
1305 914 1457 963 quem
1480 898 1603 948 fide-

522 984 527 989 ’
549 974 755 1024 lissinis
777 975 940 1025 servis
968 973 1152 1024 sensim
1176 973 1441 1023 desolabat
1474 975 1607 1038 ipsa,

550 1049 781 1114 aliosque
836 1050 1060 1112 ignotos,
1114 1050 1315 1114 sibique
1371 1050 1605 1099 addictos

550 1118 917 1187 substituebat,
932 1124 1019 1187 qui
1036 1136 1218 1185 nempe
1232 1124 1399 1172 vicem
1422 1124 1605 1174 redde-

552 1204 691 1258 rent,
715 1198 1011 1261 scirentque
1034 1214 1065 1247 a
1082 1196 1289 1247 foemina
1306 1206 1604 1262 provectos;

552 1282 610 1325 et
653 1288 778 1339 quos
814 1275 1025 1339 juvenis
1071 1274 1422 1337 aversabatur,
1463 1278 1604 1326 velut

552 1350 840 1401 emissarios
860 1352 1173 1411 novercales,
1194 1351 1485 1415 intelligens
1501 1351 1608 1402 doli

554 1434 610 1476 et
632 1425 948 1480 fallaciarum
972 1426 1212 1476 soeminae.

619 1502 779 1550 Certe
816 1506 964 1549 erant
1005 1502 1175 1566 officia,
1212 1508 1362 1550 erant
1390 1502 1606 1553 bonores

552 1574 694 1635 novi,
716 1576 807 1623 sed
831 1575 1191 1639 intempestive
1210 1574 1402 1624 collati.
1444 1578 1610 1625 Erant

554 1653 728 1703 officia
746 1668 1001 1715 novercae‚
1020 1655 1074 1702 id
1097 1662 1178 1705 ast
1200 1656 1353 1715 mala,
1374 1655 1607 1717 pessima.

555 1730 721 1779 Erant
736 1730 870 1781 falsa
886 1738 941 1779 et
965 1730 1203 1780 insidiosa
1220 1744 1283 1779 ea
1291 1731 1423 1779 dona
1437 1747 1451 1790 3
1469 1731 1612 1793 peni·

554 1820 681 1855 mut
691 1805 882 1870 quippe
892 1806 1183 1854 &iuncorum
1195 1808 1610 1865 geumluudantes.

620 1882 783 1929 Erant
826 1878 995 1929 officia
1040 1884 1231 1941 proeter
1284 1886 1501 1942 tempus,
1554 1889 1611 1931 et

520 1976 525 1979 ·
555 1959 749 2018 prater
792 1960 1001 2004 aetatem
1032 1954 1297 2018 principis,
1316 1957 1397 2005 cui
1420 1956 1611 2006 educa-

522 2064 527 2069 ·
556 2038 691 2079 tores
706 2029 881 2080 statim
904 2028 1058 2079 adimi
1076 2042 1179 2077 nou
1198 2038 1479 2093 potueruut
1496 2032 1610 2081 aine

558 2106 807 2170 periculo.

621 2180 787 2231 Erant
806 2180 977 2231 officia
994 2183 1083 2231 illa
1098 2190 1155 2232 et
1172 2189 1365 2246 preter
1382 2183 1613 2231 volunta-

554 2260 663 2304 tem
702 2256 1067 2319 accipientium
1092 2264 1147 2307 et
1181 2264 1373 2320 preter
1402 2258 1614 2307 intenti·

556 2344 707 2378 onem
730 2330 916 2380 dantis.
982 2332 1144 2382 Erant
1168 2348 1290 2381 vera
1312 2332 1467 2382 exilia
1494 2346 1611 2395 spe-

559 2405 642 2453 eie
662 2405 887 2456 lionoris.
920 2408 1085 2457 Erant
1105 2415 1363 2458 venenata
1382 2408 1611 2457 bostilia-

558 2492 659 2543 qne
694 2492 759 2529 ea
792 2480 926 2530 dona
944 2490 1001 2532 et
1022 2497 1143 2532 vere
1164 2483 1486 2542 novercalia3
1518 2483 1614 2533 sic-

560 2568 657 2617 que
673 2556 938 2619 plusquam
960 2558 1303 2621 intenpestiva.

622 2636 642 2661 ¹
671 2624 735 2678 ln
768 2631 995 2693 ludibria]
1058 2633 1148 2683 Sic
1188 2632 1491 2694 destitutus,
1526 2634 1611 2683 vel

556 2702 783 2754 ludibrio
814 2708 946 2769 erat,
968 2708 1050 2756 vel
1085 2708 1196 2758 baec
1226 2704 1413 2770 officia,
1436 2715 1492 2757 nt
1530 2710 1610 2757 sui

556 2778 777 2829 ludibria
826 2782 1301 2845 interpretabatur:
1355 2784 1606 2848 iutellige-

554 2852 748 2919 hatque
777 2871 833 2904 se
872 2856 979 2906 falli
1019 2873 1050 2906 a
1090 2859 1320 2921 muliere,
1340 2866 1397 2907 et
1428 2858 1606 2909 illudi:
1631 2859 1637 2867 “

554 2942 653 2979 nec
672 2932 821 2981 dolus
838 2932 929 2982 diu
951 2934 1133 2995 latuit3
1166 2935 1366 2984 sciebat
1384 2949 1499 2983 esse
1520 2950 1612 2985 no-

556 3020 781 3057 vercam.

624 3080 685 3127 In
706 3081 911 3131 ludibria
946 3084 1177 3147 uertebat]
1225 3084 1305 3133 Au
1327 3086 1612 3147 explicabis

556 3168 653 3217 per
694 3154 961 3205 invidebat?
1012 3158 1164 3220 igitur
1205 3158 1612 3224 intelligendum,

554 3242 659 3292 qao
674 3230 935 3291 deridebat,
950 3246 1137 3295 nempe
1155 3232 1327 3283 officia
1346 3246 1579 3285 noverca
1594 3252 1610 3283 ι

556 3303 712 3354 immo
736 3306 847 3369 ipse
872 3308 1203 3357 irridebatur.

620 3381 755 3430 Nam
776 3382 835 3430 τὸ
872 3383 1079 3432 vertebat
1114 3385 1349 3435 absolute
1368 3384 1451 3434 liic
1474 3392 1531 3435 ut
1554 3395 1610 3435 et

556 3452 669 3504 aliis
706 3458 832 3507 locis
866 3466 1083 3521 usurpat
1117 3459 1355 3524 'l'acitus‚¹
1386 3468 1446 3510 ut
1478 3462 1610 3511 bene

553 3530 847 3581 observavit
873 3534 1164 3583 Rhenanus.
1412 3588 1425 3606 ο

620 3608 717 3657 Est
738 3609 825 3672 qui
850 3608 926 3663 sic
950 3617 1149 3658 vertat:
1186 3610 1431 3672 paulatim
1454 3609 1612 3660 desti-

555 3686 697 3730 tutus
730 3684 887 3731 etiam
920 3684 1105 3732 vilibus
1128 3686 1439 3748 ministeriis,
1460 3688 1612 3737 intel·

554 3755 719 3819 ligens
744 3757 845 3805 doli
866 3758 1207 3823 Britannicus,
1238 3763 1291 3810 in
1314 3762 1611 3825 ludibrium,

556 3838 613 3881 et
654 3838 967 3881 contemtum
1008 3836 1086 3883 sui
1127 3837 1421 3899 accipiebat
1444 3836 1612 3887 officia

554 3920 649 3959 aon
702 3908 1051 3957 blandimenta
1106 3912 1191 3960 illa
1246 3912 1611 3973 intempestiva

555 3997 662 4032 σιω
686 3997 957 4033 uovercoe:
992 3998 1161 4049 neque
1196 3986 1333 4035 euim
1354 3986 1403 4034 ei
1436 3986 1610 4048 segnis

555 4058 748 4119 indoles,
766 4064 863 4107 &c-

622 4134 793 4182 Possit
814 4134 971 4183 etiam
993 4133 1129 4183 forte
1166 4135 1209 4183 is
1246 4148 1357 4183 esse
1393 4150 1573 4189 sensus
1592 4154 1610 4187 ι

508 4246 517 4251 .
558 4206 885 4259 manticas
909 4210 1155 4273 paulatim
1190 4210 1471 4263 destitutus
1501 4214 1614 4264 vili·

1682 746 1778 797 bus
1813 746 1972 797 etiam
2005 746 2322 810 ministeriis,
2343 762 2440 813 per
2460 749 2738 814 intempes-

1683 823 1790 873 tiva
1831 838 2066 873 noverca
2105 821 2292 884 officia,
2325 824 2552 877 ludibrio
2585 824 2740 875 liabe-

1683 898 1870 957 batur3
1895 905 2122 947 attamen
2141 898 2431 961 intelligens
2455 898 2562 949 doli
2583 907 2639 950 et
2659 915 2740 950 ar-

1685 972 1814 1021 tium
1837 972 2156 1037 Agrippinae,
2185 988 2280 1023 nec
2303 975 2436 1023 enim
2457 975 2508 1024 ei
2529 988 2744 1040 segnem·

1685 1047 1912 1097 indolem
1935 1047 2095 1097 fuisse
2117 1046 2310 1107 ferunt,
2330 1052 2428 1098 &c-

1751 1121 1910 1171 Patet
1953 1121 2104 1185 infra,
2145 1122 2484 1186 Agrippinam
2537 1124 2740 1173 irrisum

1687 1198 1902 1245 voluisse
1941 1196 2315 1257 Britannicum,
2358 1200 2580 1247 voluisse
2619 1214 2740 1263 pue-

1688 1287 1798 1322 rum
1821 1274 1874 1322 in
1894 1273 2172 1324 ludibrium
2196 1276 2328 1325 sulae
2349 1282 2566 1337 vertere,
2587 1284 2644 1325 ut
2667 1278 2741 1327 sic

1686 1349 1887 1400 facilius
1927 1352 2170 1400 eveheret
2209 1350 2488 1412 Neronem,
2528 1342 2740 1401 liberto·

1687 1442 1797 1475 rum
1831 1434 2328 1491 purpuratur-umque
2367 1428 2530 1491 grafia
2557 1426 2742 1477 floreu-

1685 1510 1788 1549 tem
1814 1517 1879 1551 ex
1903 1503 2146 1551 memoria
2169 1503 2490 1562 Germanici,
2513 1508 2570 1551 et
2591 1503 2740 1566 longe

1687 1577 1844 1639 magis
1866 1582 1978 1627 arte
1997 1585 2052 1627 et
2073 1577 2300 1629 subsidio
2321 1578 2517 1626 matris.

1750 1652 1872 1700 Tac.
1897 1652 2030 1701 infra
2057 1657 2139 1704 41.
2174 1654 2190 1679 ‘
2209 1654 2282 1703 Et
2311 1652 2511 1701 ludicro
2533 1652 2742 1702 Circen·

1685 1724 1815 1775 sium
1859 1727 1996 1791 quod
2031 1728 2354 1792 acquirendis
2400 1728 2537 1791 vulgi
2559 1728 2743 1777 studiis

1689 1804 1958 1867 edebatur,
2001 1802 2330 1853 Britannicus
2371 1804 2422 1852 in
2469 1810 2745 1867 pretextu,

1689 1878 1832 1927 Nero
1873 1878 2248 1945 triumphalium
2287 1884 2430 1927 veste
2461 1879 2744 1928 transvecti

1689 1959 1824 2002 sunt.
1857 1954 2138 2017 spectaret
2153 1954 2374 2017 populns
2396 1954 2534 2003 bunc
2555 1954 2743 2004 decore

1689 2030 2036 2092 imperatorio,
2053 2030 2196 2078 illum
2217 2030 2420 2093 puerili,
2441 2044 2504 2079 ac
2527 2028 2742 2092 perinde

1688 2102 1944 2152 fortunam
1965 2106 2230 2168 utriusque
2252 2104 2626 2167 presumeret!

1758 2178 1842 2227 An
1899 2179 2055 2242 majus
2114 2180 2416 2243 excogitare
2469 2178 2743 2233 ludibrium

1693 2268 1856 2319 prava
1901 2254 2108 2305 i'oemiua
2151 2257 2344 2319 potuit,
2387 2270 2542 2319 quam
2579 2254 2741 2305 filium

1691 2330 1953 2393 principis,
1965 2338 2021 2380 et
2036 2331 2238 2379 unicum
2255 2328 2454 2393 imperii
2470 2330 2744 2392 haeredem,

1691 2406 1878 2468 puerili
1915 2405 2096 2455 babitu
2117 2406 2170 2453 in
2191 2420 2254 2454 ea
2278 2419 2462 2468 pompa
2479 2411 2743 2474 ostentare

1691 2481 1886 2545 populo
1913 2482 2156 2541 Romano,
2175 2480 2296 2530 dum
2319 2481 2598 2544 privignus,
2620 2480 2742 2531 dum

1692 2556 1893 2618 spurius
1921 2562 1976 2604 et
2007 2556 2258 2605 ascititius
2281 2558 2422 2605 Nero
2445 2557 2742 2621 triumphali

1690 2638 1834 2680 veste
1853 2632 2266 2680 transveheretur
2280 2634 2298 2681 ?

1753 2702 1836 2753 Au
1859 2704 2040 2768 majori
2051 2706 2285 2763 ,ostentui
2305 2712 2363 2755 et
2383 2706 2606 2756 ludibrio
2626 2720 2742 2755 esse

1689 2780 1862 2841 potuit
1885 2780 2246 2829 Britannicus?
2303 2781 2471 2845 igitur
2485 2790 2633 2845 puto,
2645 2796 2746 2846 per

1687 2854 2052 2920 intempestiva
2067 2870 2302 2906 novercae
2319 2856 2744 2919 officia,·ludibrio

1689 2937 1805 2979 erat
1841 2929 1976 2979 filius
1999 2931 2235 2995 Caesaris,
2265 2931 2384 2982 falsi
2425 2941 2614 2995 tamen,
2650 2948 2742 2985 seu

1689 3005 1794 3055 doli
1815 3009 2104 3058 novercalis
2125 3010 2432 3073 intelligens,
2451 3014 2549 3060 διο.

1755 3081 1908 3131 illum
1949 3084 2102 3136 etiam
2149 3086 2292 3135 Nero
2331 3086 2500 3135 irrisui
2539 3100 2654 3134 esse
2691 3088 2743 3135 iu

1691 3156 1809 3206 aula
1832 3158 2012 3219 voluit,
2031 3167 2088 3208 ut
2125 3166 2273 3222 patet
2304 3173 2368 3208 ex
2391 3174 2474 3220 eo,
2495 3162 2633 3223 quod
2657 3174 2744 3211 ex·

1691 3235 1982 3294 temporale
2025 3249 2231 3283 carmen
2273 3250 2304 3284 a
2341 3250 2502 3300 puero
2543 3239 2742 3287 cantari

1682 3307 1860 3369 jussit,
1903 3309 2180 3372 exegitque
2223 3313 2366 3375 regio
2397 3312 2534 3363 inter
2569 3312 2743 3362 ludum

1692 3382 1922 3446 irnperio.

1758 3460 1818 3509 In
1838 3462 2042 3511 ludibria
2063 3465 2298 3527 vet-tetrae]
2353 3465 2552 3527 Nempe
2571 3464 2652 3512 vel
2674 3464 2740 3514 ir-

1690 3534 1914 3595 ridebat,
1935 3539 2014 3585 vel
2037 3539 2364 3597 irridebatur,
2381 3540 2462 3587 vel
2493 3540 2546 3584 iu
2567 3539 2646 3587 sui
2665 3540 2742 3589 lu·

1659 3628 1670 3639 ·
1692 3610 1909 3661 dibriuui
1935 3614 2391 3675 interpretabatur,
2413 3614 2496 3661 vel
2517 3612 2654 3663 ibrte
2675 3617 2742 3665 si-

1691 3689 1794 3735 mul
1817 3690 1926 3737 lime
1947 3689 2132 3737 omnia.
2199 3688 2352 3738 Illum
2376 3687 2512 3737 sorte
2541 3690 2742 3739 irrideri

1693 3763 1850 3811 voluit
1895 3762 2194 3825 Agrippina,
2228 3772 2284 3812 et
2321 3764 2646 3814 Britannicus
2677 3766 2746 3816 A·

1691 3838 1984 3899 grippiuam
2007 3838 2280 3900 irridebat,
2300 3840 2594 3905 intelligens
2615 3843 2741 3891 doli.

1691 3912 1846 3961 Forte
1867 3915 1934 3962 de
1957 3913 2210 3965 industria
2227 3915 2304 3965 sie
2327 3916 2564 3979 ambigue
2581 3918 2744 3983 scrip-

1691 3988 1760 4035 sit
1777 3988 2008 4048 Tacitus,
2029 3991 2108 4037 vel
2131 3996 2334 4053 sponte,
2359 3992 2437 4040 vel
2463 3995 2634 4056 genio,
2652 4002 2744 4043 aut

1693 4074 1784 4124 pro
1827 4076 1965 4110 more
2009 4066 2107 4112 nevi
2129 4065 2240 4125 sui;
2282 4068 2358 4116 sic
2397 4069 2624 4117 lectoris·
2641 4068 2744 4119 aui·

1690 4152 1826 4187 mum
1847 4140 2288 4206 attentionemque
2319 4143 2596 4193 retinebat.

1765 4214 2028 4279 Ver-tebet]
2045 4216 2234 4283 Itaque
2275 4219 2358 4267 vel
2393 4218 2652 4275 irridebat⁸
2661 4217 2746 4281 ju·
