3200 4934
560 351 736 419 1868

1235 369 1301 417 Ο.
1347 367 1542 416 Gonu
1555 366 1707 416 uhu
1757 365 2009 414 'ract‘rl

2436 370 2529 434 [A.
2554 371 2620 424 U.
2640 376 2755 424 8⁰0.

555 511 946 588 reticuisset,
976 529 1354 595 quanquam
1377 530 1458 574 ne
1485 509 1972 594 impudicitiam
2001 505 2263 592 quidem
2288 527 2469 574 nunc
2498 511 2759 590 abesse,

559 611 864 678 Pallante
918 611 1211 677 adultero
1235 609 1283 676 :j
1351 632 1434 676 ne
1491 615 1641 696 quis
1697 613 2010 694 ambigat,
2024 606 2051 647 ¹
2110 611 2337 688 decue,
2408 612 2729 694 pudorem
2736 662 2782 697 ,ὁ

561 778 732 826 uxoris
751 778 992 842 siluisset,
1013 779 1242 844 quamvis
1263 792 1330 828 ne
1359 794 1494 828 nunc
1518 779 1725 843 quidem
1748 775 1945 832 flazitia
1966 776 2238 830 libidinum
2263 777 2527 841 abessent,
2548 793 2767 842 corrup·

561 849 675 892 tore
705 844 973 907 l’allante3
1006 853 1063 895 et
1094 860 1159 894 ne
1180 845 1294 909 quis
1324 844 1551 908 dubitet,
1581 844 1903 906 Agrippinam
1923 845 2185 905 honorem,
2208 841 2529 907 pudicitiam,
2552 857 2763 909 corpus,

1559 977 1772 1039 Norffi

561 1097 810 1147 accusandi
845 1113 1010 1148 caum
1038 1106 1095 1150 et
1135 1100 1418 1151 ulciscendi
1444 1099 1622 1151 offerri

561 1174 693 1235 sibi;
730 1174 782 1222 in
805 1189 906 1239 quo
929 1182 1076 1228 certe
1111 1191 1213 1224 non
1245 1178 1360 1226 leve
1385 1179 1620 1228 meritum

563 1263 710 1298 suum
752 1247 890 1299 soret
932 1263 1057 1313 erga
1095 1253 1402 1316 principem.
1469 1253 1624 1305 Quod

558 1326 831 1376 >consilium
855 1341 956 1377 non
992 1329 1090 1378 nisi
1131 1330 1432 1392 primoribus
1469 1332 1624 1380 labris

564 1401 793 1466 attingit,
829 1417 927 1454 nec
951 1404 1078 1454 satis
1099 1405 1327 1469 explieat
1356 1408 1624 1457 Narcissus

563 1477 669 1538 hic,
691 1493 932 1528 arcanum
956 1480 1084 1530 illud
1107 1481 1207 1532 sibi
1231 1490 1286 1532 et
1308 1483 1521 1532 Claudio
1546 1497 1625 1533 re-

562 1571 794 1606 servans.
1413 1599 1420 1604 -

633 1631 688 1680 N
689 1633 831 1682 ullum
842 1635 1053 1699 principi
1065 1635 1308 1698 meritum]
1335 1637 1480 1686 Dicit
1498 1637 1630 1686 Nar-

567 1706 748 1768 cissus,
791 1716 987 1759 certam
1033 1711 1131 1760 sibi
1175 1713 1458 1774 perniciem
1497 1727 1629 1775 esse,

567 1795 656 1830 seu
679 1783 1025 1847 Britannicus,
1041 1800 1134 1834 seu
1155 1787 1300 1836 Nero
1316 1787 1596 1850 imperaret
1610 1804 1624 1846 ;

565 1864 686 1924 ante
712 1873 742 1906 a
765 1872 819 1906 se
843 1858 1063 1909 delatam
1081 1861 1462 1921 Messalliuam3
1491 1877 1630 1924 parea

567 1932 740 1982 iterum
773 1937 1023 1984 accusandi
1055 1951 1220 1986 causes
1251 1951 1366 2000 osse,
1397 1938 1441 1986 si
1483 1937 1627 1986 Nero

567 2008 914 2072 imperitaret.

637 2083 848 2136 Deinde
901 2089 1118 2138 resumit
1174 2090 1518 2140 sententiam:
1573 2089 1631 2140 Si

571 2161 718 2211 Nero
737 2161 1081 2226 imperitaret,
1101 2166 1140 2212 ai
1159 2165 1492 2215 Britannicus
1515 2181 1632 2215 auc-

572 2236 802 2297 cederet,
829 2239 1024 2288 nullum
1046 2256 1194 2290 suum
1233 2242 1284 2290 in
1325 2243 1630 2307 principem,

571 2315 764 2364 utervis
799 2315 1152 2379 imperaverit,
1189 2320 1426 2368 meritum
1461 2335 1627 2370 suum.

571 2387 659 2439 Ita
681 2397 740 2439 ut
772 2404 834 2439 ea
858 2393 1036 2455 verba,
1072 2393 1117 2442 ei
1143 2394 1274 2442 Nero
1311 2395 1629 2458 imperitaret,

575 2465 865 2517 referantur
895 2468 1045 2517 simul
1069 2471 1134 2518 ad
1158 2472 1397 2522 anteced.
1435 2478 1490 2520 et
1513 2486 1632 2522 con·

568 2543 872 2606 sequentia3
909 2550 968 2593 ut
989 2560 1128 2608 aaepe
1149 2547 1282 2596 solet
1302 2547 1532 2598 Tacitus.

641 2620 839 2670 Nullum
880 2622 1088 2686 principi
1125 2625 1370 2688 meritum]
1425 2627 1488 2676 Id
1535 2635 1635 2692 est,

573 2695 766 2744 nullum
803 2696 857 2746 in
891 2699 1181 2762 principem
1219 2703 1459 2752 meritum
1483 2718 1631 2753 suum

575 2771 898 2833 praecessisse
919 2790 932 2833 ;
969 2788 1029 2823 ac
1051 2783 1226 2824 tamen
1247 2792 1304 2826 se
1330 2793 1481 2840 posse
1503 2779 1635 2829 bene

573 2845 640 2895 de
668 2847 966 2899 Britannico
989 2850 1192 2912 mereri,
1232 2853 1274 2900 ai
1299 2868 1356 2902 se
1381 2852 1504 2904 forti
1528 2857 1634 2904 uni·

571 2937 656 2970 mo
677 2932 966 2986 opponeret
989 2925 1133 2974 malis
1157 2927 1356 2978 artibus
1393 2929 1637 2996 foeminae,

572 2998 758 3061 quibus
780 3006 940 3049 totam
983 3003 1188 3054 domum
1229 3007 1477 3071 principis
1517 3024 1636 3058 con·

573 3072 818 3136 vellebat,
833 3076 1018 3138 quibus
1040 3086 1089 3126 et
1117 3080 1338 3143 principi
1369 3091 1421 3131 et
1447 3085 1637 3146 princi·

574 3149 718 3212 patui
756 3151 1100 3204 insidiabatur
1113 3173 1128 3216 5
1161 3157 1204 3205 si
1235 3166 1507 3209 accusaret
1547 3161 1637 3210 ite-

575 3238 689 3275 rum
733 3225 1106 3290 impudicitiam
1165 3233 1354 3297 uxou’s,
1411 3243 1472 3286 nt
1513 3245 1636 3288 ante

571 3303 907 3358 Messallinae.

639 3379 781 3430 Hinc
833 3381 1108 3433 Narcissus
1148 3387 1482 3450 amplectitur
1523 3388 1639 3438 Bri-

574 3457 856 3517 tannicum,
895 3458 994 3522 ipsi
1015 3467 1271 3511 maturum
1295 3464 1470 3526 robur,
1508 3466 1638 3514 nunu-

574 3538 786 3597 tamque
823 3533 1127 3586 felicitatem
1167 3547 1500 3602 apprecatur,
1538 3541 1639 3605 ipsi

575 3620 634 3656 se
659 3613 828 3657 totum
866 3617 1022 3659 vovet
1045 3618 1102 3660 ct
1138 3611 1334 3662 addicit
1365 3622 1637 3680 optatque,

574 3683 706 3733 licet
725 3683 838 3747 ipse
862 3685 1032 3748 perire
1055 3686 1290 3750 deberet,
1326 3695 1384 3738 ut
1405 3691 1637 3741 inimicos

577 3759 743 3822 patria
777 3759 1073 3823 ulciscatur,
1111 3763 1194 3812 vel
1227 3771 1283 3812 et
1322 3765 1480 3815 ctiam
1502 3767 1552 3814 in
1575 3766 1639 3816 iia

575 3833 942 3886 interfectores
967 3837 1160 3886 matris.

641 3911 751 3961 Alii
765 3913 838 3961 sic
860 3911 1105 3976 capiunt:
1137 3912 1194 3962 Si
1219 3913 1362 3964 Nero
1377 3915 1641 3978 imperita·

577 3996 678 4047 ret,
699 3989 894 4038 nullum
917 4004 1064 4038 suum
1082 3989 1322 4038 meritum
1355 3989 1410 4040 in
1449 3990 1640 4054 princi·

580 4078 717 4127 pem,
755 4064 1029 4116 Claudium
1067 4079 1290 4128 nempe;
1323 4066 1642 4132 quandoqui-

581 4140 697 4188 dem
724 4140 1015 4206 Agrippina
1034 4149 1194 4190 totam
1215 4141 1416 4192 domum
1437 4144 1643 4194 convel-

565 4213 722 4265 'lebat
740 4215 1076 4284 principis,et
1087 4211 1375 4282 prasertim
1385 4215 1645 4270 Britanni-

1704 1115 1765 1150 co
1790 1101 2156 1162 insidiabatur;
2189 1100 2326 1150 bono
2360 1099 2565 1164 quidem
2590 1113 2767 1162 sensu,

1704 1179 1795 1228 aed
1820 1193 1920 1227 nou
1944 1177 2079 1228 forte
2102 1178 2227 1227 satis
2251 1177 2317 1226 ad
2338 1177 2496 1226 verba
2518 1176 2705 1226 Taciti.

1770 1253 1873 1302 Alii
1898 1254 2221 1317 intelligunt:
2248 1253 2301 1302 Si
2328 1252 2629 1302 succederet
2647 1249 2768 1301 Bri·

1705 1329 1961 1390 tannicus,
1984 1329 2057 1378 sic
2079 1328 2273 1376 nullum
2295 1327 2533 1375 meritum
2558 1326 2769 1376 Claudii

1706 1405 1815 1456 fore
1842 1420 1963 1469 erga
1988 1405 2323 1464 Narcissum3
2356 1403 2550 1468 quippe
2596 1409 2653 1452 et
2690 1402 2769 1451 in·

1705 1483 1849 1533 aidiis
1870 1497 2128 1544 noverca,
2160 1487 2319 1530 totam
2342 1481 2545 1528 domum
2576 1478 2771 1542 princi-

1708 1555 1787 1621 pis
1810 1558 2108 1606 convulsum
2131 1557 2211 1616 iri,
2231 1555 2631 1619 majoreflagitio,
2652 1558 2734 1621 ξε.

1772 1632 1879 1682 Alii
1901 1634 1975 1682 sic
1998 1639 2237 1682 sumunt:
2279 1631 2400 1680 Sive
2422 1631 2772 1694 imperaturus

1707 1716 1845 1759 esset
1884 1709 2047 1767 Nero,
2084 1709 2193 1758 sive
2227 1707 2539 1757 succederet
2569 1705 2775 1755 Britan·

1705 1785 1871 1844 nicus,
1894 1785 2090 1833 nulium
2108 1783 2349 1832 meritum
2370 1781 2531 1846 ipsius
2552 1781 2607 1830 in
2630 1783 2771 1845 prin·

1706 1861 1908 1922 cipem3
1952 1875 2138 1908 vanum
2183 1865 2241 1910 et
2282 1859 2486 1908 irritum
2524 1857 2770 1923 quicquid

1708 1938 1900 1999 egisset
1930 1941 2082 1986 antea
2122 1935 2417 1997 Narcissus,
2450 1935 2627 2000 sicque
2659 1935 2771 1984 nul-

1706 2014 1812 2062 lam
1845 2012 2043 2062 veniam
2078 2018 2168 2061 aut
2206 2011 2425 2074 gratiam
2470 2009 2537 2060 ab
2570 2010 2769 2060 utrovis

1709 2103 2003 2138 successore
2017 2087 2116 2137 sibi
2134 2086 2457 2150 despondere
2468 2099 2618 2150 posse
2632 2101 2647 2146 ς
2671 2099 2775 2135 noa

1710 2178 1739 2212 a
1762 2163 2059 2213 Britannico
2096 2162 2161 2213 ob
2202 2162 2515 2212 Messallinae
2554 2161 2775 2224 caedem,

1709 2255 1813 2288 non
1852 2255 1884 2290 a
1923 2241 2133 2290 Nerone
2169 2239 2239 2289 ob
2276 2237 2584 2303 Agrippinae
2626 2238 2776 2288 cawi-

1710 2316 1850 2366 tiam.

1768 2390 1787 2435 ³
1818 2393 2042 2442 Pallante
2055 2391 2292 2454 adultero]
2326 2389 2432 2440 Hic
2456 2395 2603 2440 certe
2620 2388 2771 2440 liber·

1712 2475 1794 2518 tus
1816 2471 2103 2533 comparari
2130 2468 2297 2531 possit
2332 2483 2452 2518 cum
2488 2467 2770 2516 decantato

1712 2547 1800 2597 illo
1822 2547 1990 2611 Gyge,
2009 2547 2096 2611 qui
2118 2560 2219 2610 ope
2242 2545 2417 2595 annuli
2435 2546 2595 2604 aurei,
2619 2557 2773 2608 quem

1712 2623 1899 2672 homini
1942 2629 2144 2672 mortuo
2188 2621 2497 2684 abstulerat,
2540 2629 2772 2684 stuprum

1712 2699 1887 2749 intulit
1911 2699 2123 2762 regina,
2164 2712 2443 2762 regemque
2476 2697 2773 2747 interemit:

1714 2782 1770 2826 et
1803 2781 1948 2825 certe
1988 2776 2172 2824 talibus
2192 2772 2416 2823 fortunae
2438 2773 2621 2823 aulicoe
2656 2787 2775 2837 pro·

1714 2851 1885 2915 digiis,
1922 2851 2086 2899 aureis
2110 2849 2307 2898 annulis
2330 2849 2407 2904 uti
2426 2863 2727 2898 concessum
2744 2860 2778 2897 a

1717 2926 2027 2988 Caesaribus,
2062 2939 2204 2988 ampe
2245 2924 2299 2973 iu
2344 2924 2623 2987 perniciem
2656 2923 2780 2973 Rei·

1716 3001 1839 3064 pub.
1860 3010 1914 3050 et
1936 3001 1989 3051 in
2011 2999 2258 3064 flagitium
2277 3014 2339 3049 ac
2355 2998 2585 3049 dedecus
2607 2999 2777 3060 aul-‚⁵3

1714 3093 1854 3141 saepe
1876 3085 1931 3128 et
1956 3078 2007 3127 in
2028 3077 2242 3126 exitium
2266 3077 2493 3139 ipsorum
2512 3075 2778 3124 dominan-

1718 3153 1863 3216 tium,
1902 3161 1960 3202 ut
1993 3159 2049 3202 ct
2082 3153 2186 3214 hic,
2218 3151 2382 3214 ipsius
2418 3151 2645 3214 Claudii,
2687 3152 2777 3216 qui

1719 3229 1916 3280 huncce
1939 3231 2232 3280 Pallantem
2259 3237 2623 3279 exornaverat.
2692 3231 2803 3288 De.

1720 3305 1873 3369 Gyge
1908 3307 2082 3371 prisco
2116 3307 2191 3356 sic
2230 3307 2417 3356 Cicero
2452 3311 2502 3356 3.
2528 3306 2595 3356 de
2620 3305 2779 3356 Offic-

1720 3382 1736 3409 ‘
1758 3382 1855 3430 Ille
1879 3383 2057 3446 Gyge·
2078 3382 2345 3432 inducitur
2364 3398 2395 3431 a
2417 3381 2662 3442 Platone-3
2686 3380 2781 3444 qui

1718 3471 1837 3506 eum
1856 3464 1997 3506 terra
2018 3457 2332 3507 decessisset
2356 3457 2551 3520 magnis
2572 3455 2781 3519 quibus·

1718 3533 1837 3583 dam
1878 3534 2147 3594 imbribus,
2184 3534 2239 3583 in
2275 3534 2419 3584 illum
2455 3532 2651 3582 hiatum
2686 3530 2783 3582 de·

1718 3609 1939 3672 scendit,
1960 3624 2261 3674 aeneumque
2284 3624 2489 3674 equum,
2518 3613 2579 3658 ut
2599 3606 2785 3659 ferunt

1718 3683 1928 3748 fabulae,
1945 3685 2335 3746 animadvertit,
2358 3687 2511 3749 cujus
2532 3684 2587 3734 in
2610 3683 2785 3733 lateri·

1717 3762 1811 3812 bus
1834 3760 1969 3812 fores
1992 3769 2197 3822 essent;
2233 3762 2419 3827 quibua
2442 3759 2659 3824 apertis,
2694 3759 2783 3809 ho-

1718 3836 1869 3886 minis
1905 3837 2095 3888 mortui
2118 3837 2263 3886 videt
2300 3851 2489 3902 corpu·
2528 3835 2784 3899 magnitu-

1720 3911 1841 3961 dine
1880 3913 2145 3975 inusitata,
2184 3914 2529 3978 annulumque
2567 3915 2781 3961 aureum

1720 3987 1773 4038 in
1792 3988 1979 4052 digito,
2019 4004 2173 4052 quem
2205 3996 2263 4039 ut
2286 3989 2537 4050 detraxit,
2571 3986 2791 4051 ipsein-1

1722 4065 1855 4114 duit.
1942 4066 2071 4114 Erat
2125 4071 2302 4115 autem
2355 4065 2531 4130 regius
2586 4059 2783 4126 pastor.

1720 4141 1853 4191 Tum
1876 4141 1935 4190 in‘
1952 4141 2219 4192 consilium
2248 4148 2511 4206 pastorum
2548 4143 2627 4188 κε’·
2641 4141 2785 4188 rec'e-

1695 4218 1939 4282 'nmini
1974 4233 2092 4268 cum
2133 4217 2306 4282 palam
2341 4214 2688 4286 ejua''annuii·
2714 4211 2783 4263 ad
