3200 4934
530 309 749 390 ’ΜΒ

562 479 803 557 lectus,
818 476 1177 542 ’tremunt
1228 474 1457 554 defixi,
1514 483 1585 542 et
1644 477 1978 543 Neronem
2001 530 2006 534 .
2029 480 2408 564 intuentes,⁸

1280 334 1349 383 05
1392 331 1724 383 connum
1731 334 1758 387 1
1801 334 2068 387 Motu·

2449 344 2552 411 [λ.
2569 344 2640 401 Β.
2654 350 2778 407 0⁰.

2499 484 2666 566 lile,
2699 490 2780 553 ut

560 586 707 650 erat
732 580 1068 656 reclinis,⁸.
1096 584 1165 647 et
1198 582 1425 644 nescio
1454 580 1719 658 similia,
1769 587 1787 615 ‘
1817 581 2084 646 solitum
2111 583 2252 662 ita:
2297 586 2413 663 ait,
2465 590 2488 619 ‘
2518 608 2640 671 per
2667 607 2780 653 oo-

884 764 1163 828 profundior
1182 770 1315 829 erat,
1332 766 1373 815 ii
1403 772 1589 817 restant
1624 766 1823 817 attoniti
1859 771 1906 815 et
1941 766 2144 828 inmoti,
2167 766 2494 830 Neronemque
2523 768 2778 833 conspicie-

679 866 694 882 .
708 822 720 829 ’
759 829 849 881 Ille
867 834 923 879 ut
941 834 1046 879 erut
1065 834 1168 880 toro
1186 831 1466 897 recumbens,
1493 836 1540 880 et
1558 832 1728 896 ignaro
1743 830 1957 895 propior,
1986 831 2059 880 sic
2082 844 2200 881 eum
2221 832 2571 896 consuevisse,
2591 834 2683 897 ait,
2704 832 2774 883 ob

1548 974 1764 1027 NOTAE

560 1087 829 1156 precipiti
854 1093 1040 1153 morte,
1072 1087 1372 1153 diffugiunt,
1393 1089 1481 1138 slii
1516 1104 1624 1141 ma·

562 1172 709 1221 nent.

620 1240 875 1293 Attamen
892 1238 945 1289 in
966 1239 1133 1304 primu
1150 1240 1409 1291 sententia
1425 1246 1621 1304 persto.

556 1318 695 1371 Nam
714 1316 783 1367 de
804 1317 1299 1368 circumsedentibus
1322 1318 1452 1367 dicit
1473 1317 1627 1367 Taci-

558 1400 665 1457 tu,
680 1393 809 1443 ulios
830 1391 992 1442 fuisse
1012 1392 1383 1459 imprudentes,
1402 1394 1515 1443 aliis
1535 1407 1628 1445 au-

554 1476 673 1521 tem'
704 1470 940 1519 altiorem
980 1470 1351 1521 intellectum·
1389 1470 1464 1521 At
1501 1484 1626 1519 neu-

556 1548 695 1595 trum
718 1542 822 1593 dici
844 1548 1019 1607 potest
1040 1543 1107 1593 de
1138 1544 1312 1608 pueris
1346 1544 1622 1595 circumse-

554 1621 799 1673 dentibus
822 1621 1195 1672 Britannicum.
1264 1621 1381 1671 Nisi
1404 1620 1541 1671 forte
1564 1621 1621 1671 id

552 1698 796 1761 ambigue
816 1697 1073 1761 intelligat
1094 1703 1149 1747 et
1170 1696 1489 1759 indistincte,
1510 1704 1618 1747 tam

551 1774 625 1825 de
654 1771 1150 1823 circumsedentibus
1186 1786 1411 1823 mensam
1453 1774 1620 1823 Nero-

554 1850 653 1913 nis,
700 1862 850 1915 quam
894 1849 963 1897 de
1005 1848 1120 1897 eliis
1164 1849 1620 1900 circumstantibus

556 1940 765 1990 pueros,
798 1939 889 1973 seu
922 1922 1103 1973 liberti
1149 1923 1228 1973 iili
1268 1938 1361 1975 seu
1401 1925 1626 1976 ministri

554 2006 745 2053 oesent.
1006 2006 1015 2014 “

560 2084 569 2093 ’
615 2076 665 2127 ,Δ
686 2068 1153 2139 enormitatibus]
1186 2076 1361 2126 Nonii
1393 2082 1513 2126 suut
1530 2078 1620 2143 qni

550 2152 817 2205 Neronem
840 2152 1265 2213 circumstabunt,
1304 2153 1427 2216 quia
1456 2152 1614 2203 iidem

550 2229 641 2295 qni
660 2227 1068 2292 trepidaverant,
1086 2226 1363 2291 diffugiunt
1381 2245 1395 2289 ;
1432 2236 1487 2278 nt
1501 2230 1618 2278 nui-

548 2308 603 2358 is
624 2306 907 2357 necessitas
929 2304 1229 2369 trepidandi
1250 2312 1343 2356 aut
1378 2304 1614 2369 fugiendi

550 2380 655 2432 fuit
672 2381 735 2430 iis
771 2380 861 2444 qui
898 2380 1306 2431 circumstabant
1330 2381 1612 2443 Neronem,

548 2462 610 2507 nt
632 2457 723 2522 qni
754 2457 937 2521 procul
970 2472 1001 2505 a
1035 2456 1327 2520 suspicione
1350 2457 1611 2509 abessent.

546 2532 652 2583 Sed
692 2532 863 2597 potius
886 2533 925 2582 ii
945 2538 1065 2582 sunt
1086 2534 1174 2598 qui
1204 2534 1615 2585 circumstabant

547 2624 777 2662 mensam
822 2610 1133 2670 Britannici,
1176 2616 1232 2659 et
1275 2608 1409 2660 forte
1452 2610 1614 2674 ipsius

548 2686 791 2749 ministri,
812 2686 935 2736 iicet
958 2686 1203 2748 insontes,
1224 2684 1448 2750 fugiunt,
1468 2697 1612 2735 nem·

546 2775 615 2829 pe
651 2776 718 2813 ne
762 2768 1223 2827 suspectarentur3
1257 2768 1433 2811 sontes
1462 2770 1611 2827 ’νει-ο,

542 2838 939 2901 fortejmetume
952 2839 1027 2888 rei
1043 2837 1415 2887 subderentur:
1448 2838 1464 2865 ‘
1480 2838 1610 2889 Jux-

546 2923 603 2967 ts
624 2916 933 2979 periculoso,
960 2914 1087 2963 ficta
1126 2924 1217 2961 seu
1250 2926 1373 2962 vera
1408 2926 1610 2976 prome·

543 2990 695 3052 rent,⁸
735 2996 795 3039 ut
828 2989 999 3055 inquit
1026 2989 1239 3037 Tacitus
1273 3000 1313 3035 r.
1338 2992 1389 3037 6.
1413 2987 1483 3038 de
1500 2990 1610 3038 Sai-

542 3066 718 3127 iustio‚
736 3064 883 3128 cujus
910 3064 1197 3113 ministerio
1214 3070 1432 3114 necatus
1458 3065 1606 3115 Post-

540 3142 757 3202 humum
791 3141 867 3190 sic
888 3137 1378 3203 fugiunt,'speiunca
1396 3138 1604 3191 Tiberio

542 3217 751 3279 obtuto,
767 3216 927 3267 etiam
948 3217 1195 3266 insontes.

562 3294 567 3301 '
602 3300 629 3327 ¹
649 3292 935 3357 Diffiigwnt
958 3290 1303 3355 imprudentes]
1328 3292 1604 3358 Utrimque

538 3370 679 3420 forte
715 3368 1220 3439 imprudentia·fuit,
1244 3376 1303 3418 et
1328 3366 1604 3435 diffugere,

538 3450 594 3495 et
616 3442 773 3495 etiam
794 3444 987 3493 intueri
1008 3444 1351 3494 dominantem
1372 3458 1435 3494 eo
1457 3459 1602 3506 casu,

542 3520 690 3585 quasi
722 3520 1221 3569 introscrutnrentur
1257 3520 1397 3585 quod
1430 3522 1602 3571 occul-

536 3602 648 3645 tum
672 3598 894 3646 maxime
914 3596 1095 3647 voluit.

600 3670 889 3736 Diffugiunt
928 3672 1267 3737 inpudentes]
1322 3672 1599 3737 Impruden-

536 3753 626 3811 tes,
658 3746 779 3813 quia
808 3760 995 3812 nempe
1033 3750 1114 3797 vel
1156 3750 1311 3813 seipsi
1356 3750 1599 3811 produnt,

536 3824 684 3891 quasi
704 3824 782 3873 rei
816 3830 1009 3885 essent,
1046 3825 1129 3874 vel
1164 3823 1289 3887 fuga
1324 3838 1417 3872 sua
1448 3838 1597 3871 accu-

535 3912 655 3952 sare
668 3900 1024 3965 imperitantes
1046 3898 1286 3949 videntur
1307 3915 1321 3959 3
1354 3898 1502 3961 quasi
1522 3895 1599 3946 fu-

534 3980 700 4043 giant,
738 3992 803 4029 ne
840 3978 1051 4027 sceleris
1088 3990 1265 4026 eorum
1310 3974 1598 4039 participes

532 4054 913 4116 existimentur,
934 4051 1143 4116 fugiunt
1159 4052 1327 4114 ipsam
1348 4050 1598 4112 suspicio-

532 4140 685 4191 nem;
716 4130 855 4180 forte
892 4142 959 4179 ne
996 4129 1135 4179 inter
1172 4141 1287 4176 reos
1320 4126 1421 4189 ipsi
1454 4126 1598 4177 inno-

531 4208 713 4253 eentes
736 4210 1120 4271 computentur,
1155 4204 1411 4271 simulque
1436 4202 1597 4256 invol-

530 4282 737 4331 ventur.

1763 1088 1870 1139 Sed
1889 1102 1992 1154 quo
2007 1094 2064 1139 et
2085 1087 2152 1139 ad
2170 1104 2326 1155 quem
2359 1088 2664 1153 confugiant
2679 1090 2774 1141 ad-

1703 1180 1883 1215 versus
1905 1166 2194 1230 potentiam
2230 1166 2492 1230 principis,
2514 1166 2558 1215 si
2585 1166 2772 1215 ulcisci

1703 1242 1898 1291 crimen
1921 1249 2014 1291 aut
2035 1240 2210 1307 fugam
2241 1243 2417 1292 volet?
2449 1242 2554 1293 Sed
2587 1242 2642 1291 id
2667 1242 2772 1306 pri-

1702 1330 1788 1366 mo
1829 1323 1974 1367 motu
2019 1317 2381 1381 imprudenter
2423 1316 2650 1378 factunm
2711 1324 2772 1369 et

1697 1393 1852 1458 pauci
1885 1394 1962 1444 ita
1993 1393 2298 1457 prudentes,
2323 1400 2383 1444 ut
2415 1394 2542 1443 nihil
2581 1393 2772 1445 vidisse

1695 1468 1991 1531 videantur,
2015 1470 2068 1519 iu
2089 1483 2143 1519 re
2165 1460 2272 1519 ta‘m
2295 1469 2580 1534 inopinata,
2603 1477 2770 1536 utque

1697 1559 1754 1595 se
1794 1546 1922 1596 satis
1957 1552 2290 1611 componunt,
2311 1553 2404 1596 nut
2437 1547 2656 1610 vultum,
2677 1553 2773 1598 aut

1696 1621 1940 1681 minum,
1967 1636 2060 1671 seu
2081 1626 2377 1687 utrumque.
2783 1656 2795 1666 -

1756 1704 1780 1739 5
1817 1695 2000 1752 Quibus
2033 1695 2200 1758 altior]
2255 1694 2430 1747 Altior
2467 1698 2770 1749 intellectas

1693 1774 1750 1824 in
1769 1788 1854 1835 eo,
1875 1774 2016 1839 quod
2051 1773 2254 1823 immoti
2283 1780 2342 1824 et
2371 1772 2531 1822 defixi
2551 1781 2771 1837 sterent,

1691 1863 1796 1898 non
1819 1844 2080 1915 fugerent,
2103 1855 2164 1897 ut
2195 1848 2302 1897 elii.
2369 1848 2494 1911 Sed,
2521 1856 2581 1897 ut
2613 1856 2771 1913 puto,

1693 1939 1796 1975 nou
1817 1925 1962 1974 altior
1981 1926 2269 1985 intellectu,
2297 1926 2350 1973 in
2387 1939 2450 1974 eo
2487 1925 2620 1990 quod
2658 1926 2766 1975 Ne-

1691 2012 1872 2051 ronem
1894 2000 2242 2051 intuerentur.

1719 2078 1726 2085 ’
1759 2076 1892 2130 Quis
1927 2078 2065 2129 enim
2099 2076 2505 2141 imperitantium
2545 2077 2768 2127 scrutari

1693 2151 1882 2203 faciem
1915 2166 2060 2202 suam
2087 2152 2212 2201 veiit
2247 2152 2344 2201 tali
2375 2166 2518 2215 cusu,
2539 2152 2650 2202 sive
2671 2166 2766 2203 no-

1691 2240 1814 2279 cens
1841 2227 1950 2277 sive
1973 2228 2134 2277 etiam
2154 2227 2288 2276 absit
2311 2243 2342 2276 a
2361 2228 2555 2291 culpa?
2591 2228 2662 2277 Et
2683 2242 2766 2277 re-

1693 2303 2034 2367 prehenditur
2070 2304 2169 2352 hoc
2209 2305 2326 2353 ioco
2355 2303 2568 2353 Tacitus
2601 2304 2762 2355 etiam

1693 2378 1760 2429 ab
1788 2379 1921 2432 aliis.

1757 2462 1779 2488 ⁸
1811 2454 2050 2503 Neronem
2073 2454 2332 2518 intuentes]
2379 2456 2481 2519 lbi,
2519 2462 2578 2505 ut
2619 2464 2764 2521 pato,

1691 2526 1850 2580 fuerit
1872 2530 2038 2595 major
2057 2531 2425 2595 imprudentia.
2493 2532 2602 2581 Cur
2623 2532 2760 2583 enim

1695 2604 1852 2656 defixi
1872 2606 2158 2669 >principem
2180 2606 2368 2655 intueri
2393 2607 2621 2657 audent?
2675 2607 2762 2659 An

1692 2680 1752 2731 ut
1781 2684 2219 2732 intruserutentur
2254 2682 2432 2731 dolum
2469 2689 2527 2731 et
2560 2684 2763 2733 scelus?

1693 2761 1798 2812 Qui
1853 2761 2073 2825 aspicias
2120 2760 2470 2809 dominantem
2509 2774 2572 2810 eo
2615 2776 2762 2827 casu,

1689 2836 1816 2902 quin
1835 2838 1984 2887 simui
2007 2843 2296 2900 suspectes,
2323 2845 2414 2887 aut
2447 2838 2628 2888 saltem
2650 2854 2760 2889 sus-

1691 2914 1908 2977 picionis
1932 2920 2039 2963 tuae
2061 2913 2356 2977 opinionem
2375 2914 2426 2962 in
2451 2916 2620 2965 animo
2641 2916 2768 2979 ejus·

1689 2986 1912 3038 defixam
1939 2988 2234 3053 relinquas?
2263 2989 2360 3038 nisi
2395 2988 2553 3051 forte,
2585 2997 2650 3039 nt
2677 2992 2760 3041 in·

1689 3066 1850 3115 scium
1891 3065 2172 3126 Neronem,
2215 3072 2272 3113 et
2307 3064 2452 3129 quasi
2493 3064 2756 3115 vindicem

1687 3141 1830 3191 necis
1853 3141 1998 3191 istius
2023 3140 2375 3189 intuerentur:
2411 3139 2554 3204 qussi
2575 3142 2732 3190 vero!

1749 3222 1773 3249 ⁸
1809 3216 2042 3278 Rei-linis]
2077 3216 2282 3278 Nempe
2321 3224 2436 3265 toro
2479 3213 2755 3280 convivali,

1685 3304 1782 3355 pro
1804 3304 1946 3340 more
1965 3289 2302 3339 accumbendi
2329 3296 2579 3340 veterum.

1749 3364 1984 3427 Reclt'nis]
2017 3367 2104 3415 De
2125 3365 2290 3429 epuiis
2313 3372 2371 3414 et
2393 3380 2531 3413 more
2545 3378 2752 3417 accum-

1681 3441 1840 3491 bendi
1884 3448 2137 3503 veterum,
2194 3439 2366 3502 eliqua
2415 3439 2498 3487 bic
2521 3470 2529 3477 ·
2554 3438 2754 3493 addere

1679 3517 1817 3567 forte
1835 3531 2012 3579 operae
2037 3515 2263 3579 pretium
2286 3517 2370 3562 sit.

1707 3615 1714 3626 ·
1743 3593 1808 3641 ln
1846 3590 2114 3640 eoenacuio
2171 3588 2528 3638 collocabatur
2571 3604 2754 3643 mensa

1678 3666 1919 3727 rotunda,
1941 3663 2150 3715 humiiis
2171 3680 2184 3713 :
2219 3678 2338 3728 quie
2359 3662 2622 3717 inferioris
2643 3683 2752 3719 sor.

1681 3744 1748 3793 tis
1767 3740 2024 3791 bominum
2047 3740 2214 3803 tripes,
2233 3748 2288 3789 et
2307 3755 2337 3789 e
2359 3741 2569 3805 simplici
2589 3744 2718 3807 lituo
2730 3762 2750 3803 ‚-

1677 3816 2056 3881 opulentiorum
2097 3816 2248 3865 citrea
2285 3815 2404 3881 fnit,
2439 3826 2532 3869 nut
2563 3834 2754 3885 aem,

1683 3903 1774 3945 aut
1797 3895 1993 3945 intecta
2013 3900 2242 3957 argentea
2267 3898 2460 3946 lamina.

1747 3970 1900 4020 Hanc
1923 3984 2017 4035 pes
2049 3970 2276 4021 eburnus
2313 3970 2620 4021 fabrifactus
2638 3984 2750 4021 sus-

1679 4048 1885 4099 tinebat
1915 4048 1970 4097 in
2007 4046 2218 4099 modum
2255 4052 2404 4113 pardi
2455 4054 2548 4097 aut
2583 4048 2748 4097 bonis.

1681 4125 1870 4176 Horat.
1903 4124 1972 4174 de
2012 4123 2158 4174 tenui
2190 4138 2401 4175 mensu:
2435 4124 2452 4151 ‘
2479 4121 2746 4173 Modo-sit

1675 4214 1864 4255 mensa.
1881 4202 2070 4267 tripes,
2105 4207 2163 4253 et
2197 4202 2396 4254 concha
2425 4195 2558 4260 unm,
2585 4196 2740 4263 puri:
