3200 4934
403 307 562 382 .1.ὀ.
579 327 694 390 ⁸54

1125 323 1534 375 autumna
1585 325 1731 374 [AB.

1776 325 1921 374 xu-
2440 308 2619 380 1855

1403 473 1619 526 Nom-2

411 567 754 619 concubinum
774 569 1066 622 Atimetum
1099 577 1152 623 et
1177 572 1476 624 histrionem

413 645 680 708 Paridem,
716 647 862 711 quusi
897 661 1067 698 scenae
1105 647 1307 700 fabuiss
1341 665 1473 700 com·

411 720 606 784 ponite'
637 721 794 771 etiam
816 722 1184 775 adulteriorum
1206 732 1261 777 et
1290 725 1480 776 incesti

414 797 759 848 reaDomitia
797 813 914 848 cum
952 798 1137 864 fratre,
1173 808 1314 852 teste
1351 803 1477 853 Sue-

413 881 526 925 ton.

479 947 648 1000 Addit
688 956 745 1000 et
787 965 896 1000 rem
941 951 1160 1002 similem
1204 953 1478 1019 utrobique

414 1023 664 1075 Tacitus:
697 1039 816 1076 nem
838 1039 942 1077 xn.
961 1031 1045 1077 66.
1076 1037 1348 1080 accusatur
1371 1031 1480 1080 Do-

415 1100 566 1150 mitia
609 1101 784 1151 multis
825 1103 1144 1168 criminibus,
1193 1107 1212 1134 ‘
1237 1106 1481 1170 quodque

418 1189 602 1239 parum
611 1176 860 1229 coercitis
882 1193 978 1243 per
999 1179 1285 1231 Calabriam
1307 1197 1480 1234 servo-

417 1265 536 1302 rum
565 1253 873 1317 agminibus,
903 1269 1088 1320 pacem
1111 1257 1280 1308 Italiae
1303 1258 1480 1308 turbu·

417 1327 542 1378 ret?
625 1331 697 1380 Et
737 1332 904 1382 simile
948 1335 1071 1398 quid
1115 1335 1308 1398 repetit
1347 1335 1480 1386 Tae.

415 1417 544 1456 xm.
581 1409 664 1456 21.
696 1407 970 1458 ‘Baiarum
1014 1425 1219 1460 suarum
1257 1411 1480 1476 piscinas

417 1481 727 1546 excolebat,’
749 1486 851 1534 ὅτε.
911 1485 972 1534 Si
995 1485 1239 1536 Baiarum
1259 1486 1482 1550 piscinas

417 1557 662 1620 omsbat,
689 1573 860 1624 neque
881 1560 971 1610 iiia
993 1561 1194 1625 pradia
1225 1563 1483 1612 Calabria

417 1634 724 1698 negligebat
744 1637 878 1700 ipsa,
898 1644 1036 1689 teste
1057 1638 1232 1688 Dione
1254 1639 1290 1688 Ι.
1309 1651 1419 1692 ιιι.

488 1709 732 1775 Domitio]
794 1713 948 1764 Teste
979 1715 1195 1766 Sueten.
1233 1717 1364 1765 Ner.
1385 1729 1487 1766 vn.

419 1785 439 1824 ⁴
453 1785 684 1838 Amitam
704 1790 860 1840 etiam
896 1791 1142 1855 Lepidam
1176 1806 1319 1842 ream
1343 1791 1490 1842 testi·

421 1863 594 1912 monio
616 1878 784 1916 coram
823 1864 1026 1931 afflixit,
1049 1867 1349 1932 gratificans
1381 1883 1490 1919 ma-

425 1937 514 2000 tri,
549 1952 582 1987 a
617 1955 720 2004 qua
759 1955 850 1992 rea
889 1943 1258 2006 premebatur!
1323 1944 1487 2004 Note,

425 2011 524 2063 boc
560 2014 676 2066 loco
713 2031 819 2066 non
855 2017 987 2068 dicit
1018 2019 1313 2082 Suetonius,
1335 2019 1488 2082 Lepi-

427 2086 547 2137 dam
565 2089 792 2140 occisam
809 2089 984 2155 fuisse,
995 2091 1090 2142 sed
1113 2099 1314 2143 tentum
1333 2091 1490 2143 afflic-

425 2170 536 2214 tam
557 2166 852 2217 testimonio
875 2169 1133 2230 Neronis;
1168 2175 1228 2219 ut
1257 2176 1311 2219 et
1344 2169 1492 2220 Taci-

428 2248 538 2303 tus,
568 2242 658 2306 qui
689 2243 818 2293 dicit
839 2251 1057 2295 mortem
1090 2244 1141 2294 ei
1179 2259 1290 2294 esse
1325 2245 1488 2295 indic-

427 2322 551 2380 tam,
571 2318 698 2367 nibil
714 2329 988 2382 praterea.

490 2391 670 2442 Etiam
723 2393 995 2446 Suetonio·
1043 2397 1238 2448 Neron.
1291 2401 1372 2448 ⁸⁴.
1426 2395 1491 2448 fit

427 2469 624 2518 mentio
656 2470 886 2534 ejusdem
916 2472 1131 2538 Lepide,
1152 2489 1306 2540 quum
1337 2477 1354 2504 ‘
1372 2489 1488 2525 cum

430 2557 498 2594 ex
536 2543 730 2595 duritia
764 2546 868 2596 sivi
911 2548 1190 2600 cubantem
1227 2549 1494 2614 visitaret}

427 2619 520 2670 iile
589 2623 883 2688 ‘praecepit
923 2625 1157 2690 medicis,
1197 2634 1260 2677 ut
1297 2627 1491 2692 largius

429 2704 718 2762 purgarent
739 2702 977 2764 aegrum;'
1009 2703 1186 2768 sicque
1208 2701 1417 2766 occidit,
1437 2709 1496 2753 et

429 2776 610 2824 statim
644 2774 910 2828 defuncte
948 2778 1084 2828 bona
1113 2778 1333 2828 invasit:
1368 2792 1494 2842 ergo

433 2861 536 2898 non
569 2851 742 2901 occiso
761 2849 883 2914 fuit,
904 2853 1004 2903 nisi
1033 2854 1130 2904 sub
1152 2853 1308 2906 finem
1329 2855 1497 2906 Nero-

431 2925 530 2974 nis.
595 2925 742 2976 Alias
779 2928 1098 2995 distinguere
1141 2931 1341 2996 debuit,
1381 2940 1499 2983 utra

432 3001 585 3052 onitu
603 3009 758 3054 esset.

499 3075 730 3129 Afferam
749 3087 1104 3146 argumentum
1117 3083 1502 3148 validissimum,

436 3169 538 3220 quo
559 3159 836 3222 constabit,
856 3174 957 3210 non
978 3174 1092 3211 esse
1117 3168 1240 3212 tunc
1253 3200 1260 3206 .
1275 3163 1498 3212 occisam

439 3231 690 3296 Lepidam
730 3234 845 3285 ioco
887 3237 1050 3287 citato
1090 3237 1329 3288 Suetonii
1368 3239 1498 3288 Ner.

437 3311 490 3359 7.
533 3315 596 3360 ut
628 3324 725 3360 nec
762 3310 875 3362 ioco
911 3311 1011 3363 boc
1063 3313 1234 3363 Tuciti
1265 3327 1373 3364 xu.
1417 3319 1502 3364 64.

437 3385 734 3450 Suetonius,
766 3387 865 3438 boc
906 3403 1022 3454 cap.
1067 3391 1196 3441 Ner.
1227 3395 1278 3440 7.
1325 3397 1507 3440 narrat

439 3473 642 3516 tantum
665 3467 881 3518 crudele
901 3467 1164 3534 ingenium
1185 3468 1433 3531 Neronis,
1451 3475 1506 3520 et

441 3542 692 3606 puerilem
742 3543 996 3594 saevitium
1050 3545 1231 3609 ipsius,
1277 3544 1504 3594 nondum

443 3620 720 3683 parricidio
755 3623 874 3687 ejus
907 3623 1098 3673 tradit:
1151 3637 1284 3688 puer
1319 3637 1506 3688 nempe

444 3697 969 3752 Nero'Briumnicum
999 3703 1172 3766 arguit
1205 3708 1261 3752 et
1291 3707 1506 3754 accuset

443 3775 584 3839 apud
628 3786 854 3842 patrem,
895 3786 955 3829 ut
998 3779 1352 3840 subditivum;
1409 3793 1506 3829 nec

442 3856 570 3901 tuuc
636 3859 808 3903 tamen
873 3855 1069 3906 occidit
1134 3855 1507 3908 Britannicum.

443 3925 842 3980 ‘Britannicum
862 3929 1096 3996 fratrem,
1128 3931 1267 3998 quod
1301 3947 1358 3982 se
1391 3938 1510 3996 post

445 4001 779 4066 adoptionem
810 4007 1162 4059 AEnobarbum
1199 4023 1267 4058 ex
1298 4023 1510 4059 cousue-

445 4077 628 4128 tudine
647 4079 940 4144 salutasset,
953 4091 1015 4132 ut
1031 4083 1348 4135 subditivum
1369 4083 1508 4148 apud

449 4163 654 4223 petrem
674 4173 892 4226 urguere
912 4165 1132 4214 conatus
1145 4165 1248 4213 est.
1284 4157 1510 4210 Amitsm

1553 575 1713 623 etiam
1742 572 1995 638 Lepidam
2030 587 2169 623 ream
2200 571 2499 623 testimonio
2528 586 2615 624 co-

1556 666 1665 700 ram
1707 647 1925 710 afflixit:
1976 655 2073 701 ate.
2158 649 2349 714 Itaque
2390 648 2615 699 nondum

1553 727 1785 776 adultam
1822 725 2077 778 sevitiam
2102 725 2329 776 Neronis
2366 723 2619 774 describit

1554 803 1851 854 Suetonius.

1623 880 1809 944 Neque
1839 879 1991 929 etiarn
2014 878 2183 927 adbuc
2200 885 2309 927 tum
2332 875 2509 927 adulta
2530 889 2621 942 po·

1553 956 1719 1006 tentia
1742 963 1832 1004 aut
1864 955 2068 1005 saevitia
2092 955 2252 1018 ipsius
2274 951 2617 1018 Agrippinoe3

1552 1033 1678 1099 quia
1705 1033 1933 1083 nondum
1955 1045 2141 1082 secura
2156 1031 2361 1096 imperii
2382 1038 2441 1080 et
2452 1029 2616 1080 scele-

1555 1125 1690 1172 rum,
1713 1109 1939 1160 nondum
1962 1107 2097 1158 filius
2116 1107 2275 1172 ipsius
2302 1105 2442 1156 Nero
2463 1105 2625 1169 impe·

1555 1186 1729 1235 rabat.
1808 1186 1987 1238 Quare
2030 1191 2087 1234 et
2124 1183 2325 1234 facilius
2366 1181 2625 1232 deterrita

1557 1269 1643 1311 cst
1678 1277 1715 1310 a
1746 1261 1837 1311 tali
1861 1259 2113 1322 facinore,
2148 1260 2465 1310 auctoritate
2486 1257 2623 1308 Nar·

1555 1336 1698 1398 cissi,
1738 1337 1827 1402 qui
1880 1335 2223 1401 praepoilebat
2274 1332 2416 1398 apud
2470 1333 2624 1384 Clau·

1559 1412 1720 1463 dium.

1628 1489 1803 1551 Igitur
1824 1487 2253 1554 quemadmodum
2276 1499 2377 1536 uon
2398 1488 2480 1535 est
2502 1488 2628 1534 tunc

1565 1563 1840 1615 abdicatus
1884 1563 2235 1625 Britannicus,
2288 1561 2382 1610 scd
2425 1565 2630 1610 tuntum

1563 1649 1864 1704 accusatum
1897 1641 1972 1692 ita
1998 1648 2056 1692 et
2078 1641 2277 1705 Lepida
2302 1643 2501 1688 tantum
2524 1643 2630 1687 tes·

1566 1719 1784 1771 timonio
1808 1717 2031 1769 Neronis
2054 1714 2267 1779 afflicta,
2288 1720 2345 1765 et
2366 1727 2501 1764 mors
2530 1713 2631 1777 ipsi

1567 1802 1769 1846 tantum
1788 1795 1989 1859 indicta,
2010 1808 2110 1844 non
2132 1793 2280 1842 illata
2301 1799 2408 1852 est3
2432 1797 2487 1840 et
2510 1804 2631 1840 con-

1564 1878 1847 1938 sequenter
1883 1885 1985 1922 una
2027 1876 2085 1921 et
2120 1869 2303 1919 eadem
2343 1869 2493 1916 mito
2534 1871 2633 1929 est,

1565 1961 1683 2012 qum
1723 1953 1983 2011 superstes
2021 1943 2152 1995 vivit
2182 1941 2322 2008 apud
2352 1944 2476 1993 Tac.
2500 1953 2628 1992 ιιιι.

1565 2027 1648 2072 19.
1670 2027 1751 2073 20.
1773 2027 1874 2085 Ἅι,
1904 2027 1960 2070 et
1993 2035 2109 2086 quae
2150 2019 2287 2084 perit
2321 2016 2460 2081 apud
2480 2016 2631 2067 Suet.

1565 2097 1781 2148 Nerone
1816 2099 1899 2146 34.
1957 2102 2017 2145 et
2070 2093 2210 2160 opud
2264 2093 2489 2143 Dionem
2542 2089 2633 2141 lib.

1567 2185 1701 2235 nn„
1724 2187 1841 2222 cum
1862 2173 1967 2222 ista
1992 2171 2089 2220 bac
2128 2168 2324 2233 Lepida
2346 2167 2505 2218 amite
2526 2165 2633 2216 Ne-

1569 2248 1729 2312 ronis,
1754 2260 1869 2312 quae
1888 2247 1975 2296 bic
1994 2243 2288 2296 testimonio
2308 2243 2419 2308 ejus
2441 2239 2636 2292 afflicta

1569 2331 1671 2375 est.

1634 2399 1807 2465 Igitur
1824 2411 1995 2464 neque
2024 2395 2303 2448 Suetonius
2340 2394 2439 2446 boc
2470 2392 2637 2458 primo

1569 2479 1689 2528 loco
1726 2477 1858 2528 Ner.
1894 2480 1946 2527 7.
1985 2475 2078 2526 ubi
2131 2475 2244 2539 agit
2295 2474 2363 2522 de
2415 2470 2637 2535 Lepida,

1571 2553 1686 2622 (qui
1704 2554 1849 2604 locus
1872 2551 2153 2616 respondet
2172 2550 2295 2602 buic
2325 2553 2503 2598 nostro
2518 2548 2637 2598 ioco

1571 2627 1749 2678 Taciti
1782 2641 1884 2678 ιιι.
1905 2629 1987 2676 64.
2027 2631 2090 2674 ut
2126 2630 2183 2674 et
2220 2623 2457 2688 tempori,
2496 2619 2637 2686 quod

1575 2705 1767 2756 ibidem
1789 2701 2041 2753 describit
2060 2699 2269 2750 Tacitus
2272 2699 2322 2762 ,')
2334 2698 2465 2749 dicit
2484 2697 2638 2762 Lepi-

1575 2783 1696 2832 dam
1732 2779 1897 2830 fuisse
1934 2775 2284 2838 interfectam,
2314 2775 2406 2825 sed
2438 2779 2642 2824 tantum

1577 2856 1843 2915 afflictam,
1866 2851 2161 2904 testimonio
2182 2849 2423 2901 Neronis.

1646 2935 1831 2998 Neque
1853 2931 2013 2981 etiem
2034 2927 2162 2990 Dio,
2203 2926 2290 2991 qui
2327 2925 2487 2975 altum
2521 2921 2642 2974 silet

1577 3012 1647 3062 de
1669 3009 1903 3062 Domitia
1924 3007 2024 3058 boc
2047 3004 2273 3056 historiae
2294 3004 2411 3053 ioco
2434 3006 2492 3052 et
2513 3007 2643 3051 tem·

1579 3102 1725 3153 pore,
1768 3092 1826 3137 et
1867 3090 2067 3135 tantum
2110 3081 2342 3148 loquitur
2389 3080 2455 3128 de
2512 3077 2644 3141 ipss,

1579 3180 1697 3216 cum
1750 3177 1938 3226 nempe
1988 3156 2268 3210 interfecta
2331 3171 2364 3205 a
2427 3155 2642 3205 Nerone

1579 3243 1857 3306 pharmaco
1873 3252 1965 3287 seu
1988 3248 2183 3286 veneno
2202 3240 2301 3297 est,
2322 3241 2440 3296 post
2460 3241 2644 3280 necem

1577 3315 1901 3380 Agrippinae.

1648 3392 1791 3454 Ergo
1828 3387 2065 3437 similiter
2102 3384 2262 3436 etiam
2294 3380 2525 3443 Tacitus,
2544 3377 2645 3430 boc

1583 3471 1701 3519 loco
1739 3478 1843 3517 ιιι.
1876 3468 1959 3515 64.
2004 3461 2134 3512 dicit
2175 3465 2379 3510 tantum
2415 3455 2645 3507 indicem

1582 3549 1783 3596 meru
1806 3541 2021 3606 Lepidm
2057 3537 2237 3600 fuisse,
2264 3551 2367 3586 non
2392 3548 2514 3586 vero
2535 3533 2648 3584 iila·

1587 3627 1726 3680 tum3
1764 3617 1900 3683 quin,
1928 3621 1987 3665 ut
2015 3615 2206 3680 inquit,
2226 3611 2443 3663 muitum
2466 3609 2647 3661 adver

1587 3696 1805 3747 sebatur
1838 3692 2133 3753 Narcissus,
2153 3689 2241 3755 qni
2276 3690 2328 3738 iu
2362 3689 2527 3752 gratia
2555 3681 2647 3735 fla-

1587 3773 1783 3840 granti,
1804 3777 1863 3822 et
1896 3769 2133 3820 dominus
2168 3767 2360 3818 domini
2381 3766 2516 3826 fuit·
2548 3763 2649 3814 sic-

1586 3865 1691 3916 que
1708 3863 1830 3914 rege
1850 3853 1907 3898 et
1927 3849 2106 3909 regina
2124 3847 2237 3910 ipsu
2253 3845 2529 3911 potentior.

1652 3925 1857 3976 Perdita
1867 3925 2005 3990 prius
2026 3921 2269 3988 Domitio]
2302 3920 2421 3970 Non
2439 3914 2648 3967 aliunde

1588 4001 1813 4067 probare
1852 3999 2016 4064 possit
2055 3996 2281 4062 Lipsius,
2319 3995 2444 4043 duas
2486 3987 2649 4040 fuisse

1589 4081 1771 4131 amitas
1808 4077 2053 4139 Neronis,
2072 4075 2199 4125 duas
2232 4070 2394 4122 fuisse
2428 4065 2653 4134 Lepidae,

1588 4170 1681 4209 seu
1701 4153 1960 4218 Damion,
1990 4152 2077 4203 vei
2115 4150 2331 4202 alteram
2369 4143 2653 4217 Βοηιίὲίαι,
