3200 4934
442 336 499 391 s.
526 336 587 388 c.
611 334 720 403 ει]

1143 336 1562 389 ANNALIUM
1616 338 1767 388 mn.
1816 338 1993 389 1111.

2469 322 2651 391 1499

445 485 666 541 motus
695 482 961 556 terrore,
1000 498 1131 544 non
1181 482 1360 545 aliud
1391 482 1747 547 remedium
1790 488 2119 565 repertum
2162 486 2289 558 est,
2342 500 2545 566 quam
2574 492 2649 549 ut

441 578 790 643 histriones
838 578 1036 645 Italia
1083 582 1494 665 pellerentur,
1539 584 1863 666 milesque
1906 583 2160 647 theatro
2188 584 2446 649 rursnin
2476 586 2645 651 assi-

441 679 638 743 deret.

526 782 636 846 26.
682 782 812 847 Per
866 785 1040 849 idem
1099 790 1358 867 tempus
1404 790 1627 849 actum
1677 786 1747 849 in
1806 784 2057 849 Senatu
2115 786 2137 821 ‘
2164 785 2249 849 de
2292 786 2643 851 fraudibus

441 882 893 963 libertorum,’¹²
949 886 1526 970 efflagitatumque,
1575 890 1597 921 ‘
1630 893 1708 951 ut
1759 886 2079 951 adversus
2136 886 2307 951 male
2350 889 2641 951 meritos«

443 986 832 1051 revocandae
913 988 1230 1053 libertatis
1298 989 1438 1073 jus'
1499 990 1821 1073 patronis¹
1895 986 2203 1055 daretur?
2290 988 2440 1055 Nec
2491 988 2645 1053 dee-

434 1144 587 1210 plebe,
603 1152 650 1197 et
663 1150 901 1209 gravior-is
921 1151 1436 1215 insinuasset-midiae,
1455 1167 1545 1201 aon
1567 1152 1667 1203 alia
1686 1152 1867 1203 ratione
1884 1150 2161 1203 subventum
2182 1156 2274 1217 est,
2289 1166 2428 1217 qm
2443 1156 2497 1201 ut
2512 1150 2645 1202 misni

441 1210 590 1260 Italia
608 1213 904 1277 dicerentur,
927 1221 974 1265 et
995 1216 1221 1279 manipuli
1253 1218 1436 1265 theatro
1457 1232 1621 1265 rursus
1639 1222 1869 1267 astarent.

508 1276 685 1325 Eodem
737 1282 939 1341 tempore
986 1281 1294 1328 deliberatum
1325 1283 1450 1343 opud

1497 1282 1673 1329 Patres
1714 1280 1779 1329 de
1836 1278 2047 1343 flagitiis
2104 1278 2426 1342 libertorum,
2479 1294 2645 1343 espos-

433 1338 746 1407 mamque,
761 1349 820 1391 ut
835 1348 1019 1392 contra
1037 1344 1267 1407 Ingratos
1293 1344 1596 1409 rcvrocandoe
1628 1344 1888 1394 libertatis
1910 1344 2129 1396 facultas
2146 1345 2376 1408 patronis
2396 1343 2647 1395 tribuero-

1353 1474 1379 1492 Ο
1388 1473 1556 1493 ”OOOO
1563 1474 1647 1493 ‘CO
1654 1472 1711 1493 Ν

783 1552 811 1605 1
847 1550 1075 1603 Panno
1095 1553 1246 1605 abest
1281 1528 1314 1604 a
1347 1556 1450 1605 Ms.
1489 1556 1627 1620 Reg.
1664 1560 1723 1606 et
1761 1553 1993 1607 editione
2030 1552 2283 1619 principe.

1426 1705 1639 1757 Nom-2

434 1818 611 1858 manus
645 1812 858 1863 ventum
902 1820 1056 1879 esset,
1092 1816 1192 1869 dcc.
1237 1816 1403 1868 multa
1439 1822 1499 1869 et

434 1883 546 1947 ipse
553 1880 686 1948 jecit
710 1886 764 1937 in
789 1890 1072 1952 populum!

497 1964 524 1999 ⁹
563 1962 640 2011 De
673 1962 928 2021 fraudibus
982 1966 1276 2029 libertorum]
1339 1968 1496 2033 Saepe

433 2039 796 2101 reverentiam,
815 2038 992 2103 fidem,
1011 2050 1068 2090 et
1091 2042 1392 2107 obsequium
1416 2060 1496 2094 er-

434 2130 502 2181 ga
525 2124 767 2180 patronos
791 2114 1052 2167 exuebant
1089 2118 1278 2182 ingrati
1301 2120 1495 2185 liberti,

434 2197 490 2240 et
515 2190 716 2242 divitias
743 2206 868 2257 quas
889 2206 988 2257 ope
1006 2192 1206 2245 illorum
1230 2211 1494 2261 compara-

431 2276 632 2331 verant,
677 2266 728 2319 in
754 2269 1045 2321 reconditos
1084 2278 1138 2322 et
1177 2274 1494 2339 potentiores

430 2342 570 2395 sinus
593 2341 994 2409 abscondebant,
1013 2363 1166 2413 seque
1182 2351 1338 2400 etiam
1353 2366 1492 2417 σερε

430 2434 524 2484 per
548 2418 780 2472 fraudem
823 2420 1032 2475 familiae
1073 2428 1335 2479 Caesarum
1359 2430 1491 2480 inse-

431 2512 601 2558 ruere,
643 2505 702 2545 ut
740 2499 814 2547 sic
858 2498 1052 2563 officiis,
1092 2503 1263 2565 operis
1287 2504 1496 2569 debitis,

430 2570 719 2635 opibusque
754 2580 810 2621 et
863 2574 1187 2624 successione
1233 2584 1497 2645 patronos,

432 2648 711 2710 privarent.

493 2720 564 2772 Hi
581 2738 722 2788 saepe
745 2727 990 2788 patronos
1022 2726 1218 2789 exules,
1241 2732 1494 2793 extorres,

429 2806 486 2849 et
503 2800 568 2847 ad
590 2798 809 2863 inopiam
833 2801 1070 2852 redactos
1085 2802 1192 2867 jam
1217 2816 1382 2866 neque
1407 2820 1491 2867 ag·

425 2874 727 2935 noscebant,
772 2888 938 2940 neque
999 2874 1338 2927 facultatibus
1388 2878 1491 2929 suis

419 2948 717 3012 juvabant3
763 2950 903 3016 quod
942 2959 1115 3002 tamen
1157 2954 1383 3003 debuere
1433 2960 1490 3006 et

427 3032 612 3075 natura
635 3034 690 3076 et
707 3027 838 3090 lege.
908 3028 1104 3081 Quibus
1125 3026 1395 3080 fraudibus
1410 3046 1490 3095 op·

429 3102 544 3165 poni
563 3104 711 3152 telum
741 3104 920 3169 debuit,
941 3106 1062 3169 quod
1084 3108 1240 3171 spemn·
1268 3123 1359 3159 m
1386 3122 1492 3173 pos-

427 3181 516 3225 set.

491 3251 714 3305 Plautus
758 3256 812 3307 in
857 3256 1057 3309 Persa:
1095 3258 1110 3287 ‘
1144 3257 1248 3309 Sed
1276 3260 1350 3309 ita
1374 3275 1493 3325 pars

421 3329 728 3383 libertorum
765 3339 864 3394 est,
909 3334 1004 3384 nisi
1045 3342 1262 3399 patrono
1286 3336 1373 3400 qul
1402 3334 1491 3386 ad·

421 3417 663 3459 versatus
710 3417 811 3472 est,
850 3410 966 3461 Nec
1005 3410 1129 3460 satis
1147 3410 1280 3460 liber
1304 3410 1404 3461 sibi
1425 3412 1496 3461 vi·

426 3482 599 3549 detur,
639 3500 738 3536 nec
782 3484 906 3536 satis
947 3482 1104 3551 frugi,
1125 3501 1218 3536 nec
1255 3488 1381 3537 satis
1404 3488 1493 3537 ho-

427 3564 604 3609 nestus
632 3558 701 3609 Ni
740 3558 793 3609 id
827 3556 1010 3623 efficit,
1031 3559 1085 3610 ni
1110 3560 1159 3610 ei
1181 3560 1315 3611 male
1342 3560 1494 3625 dixit,

425 3634 478 3682 ni
513 3640 661 3697 grato
685 3632 916 3700 ingratus
940 3642 1180 3701 repertus
1203 3632 1320 3687 est!

491 3716 516 3749 ‘¹
550 3711 794 3760 Adversus
815 3712 934 3761 necle
967 3710 1180 3775 meritos]
1234 3712 1324 3762 Sic
1343 3712 1490 3765 Suet.

427 3779 612 3835 Claud.
656 3790 738 3835 25.
794 3788 809 3814 ‘
833 3786 1073 3853 Ingratos
1115 3795 1170 3839 et
1204 3786 1272 3837 de
1306 3789 1491 3855 quibus

425 3860 632 3925 patroni
687 3870 1044 3924 quererentur,
1116 3864 1382 3914 revocavit
1435 3864 1490 3917 in

426 3937 732 3987 servitutem
759 3954 772 3987 :
809 3938 1178 4003 advocatisque
1200 3954 1378 3990 eorum
1401 3954 1490 3991 ne-

425 4011 570 4079 gavit
590 4026 645 4062 se
668 4004 919 4061 adversus
939 4012 1151 4061 libertos
1167 4013 1392 4077 ipsorum
1400 4014 1489 4077 jus

424 4086 722 4141 dicturum!
785 4088 872 4139 Sic
895 4094 952 4141 et
969 4086 1186 4141 Athenis
1209 4088 1332 4139 olim
1358 4088 1490 4139 obti-

425 4164 555 4215 nuit.

1643 1818 1729 1870 Sic
1753 1817 1893 1883 apud
1913 1816 2086 1869 Valer.
2110 1814 2258 1867 Max.
2281 1828 2347 1866 n.
2370 1816 2419 1866 8.
2463 1814 2483 1845 ‘
2508 1814 2645 1867 Con·

1576 1894 1747 1945 victus
1764 1912 1793 1945 a
1808 1902 2027 1960 patrono
2043 1894 2259 1944 libertus
2276 1892 2508 1957 ingratus
2516 1892 2643 1958 jure

1573 1970 1835 2020 libertatis
1884 1970 2112 2019 exuitur.
2191 1966 2520 2031 Supersede«)
2570 1975 2645 2031 te,

1575 2045 1765 2109 inquit,
1806 2042 2002 2094 habere
2038 2043 2224 2105 civem,
2263 2041 2396 2091 tanti
2418 2042 2642 2093 muneris

1575 2116 1788 2183 impium
1828 2119 2211 2170 estimatus-em.
2294 2118 2413 2167 Nec
2451 2116 2644 2167 adduci

1573 2210 1802 2260 possum,
1820 2202 1880 2245 ut
1902 2194 2113 2245 credam
2132 2192 2249 2243 urbi
2264 2192 2465 2255 utilem,
2486 2206 2639 2257 quem

1573 2271 1714 2322 domi
1734 2272 2008 2323 scelestum
2028 2284 2203 2321 cerno.
2282 2266 2385 2318 Abi
2406 2268 2565 2332 igitur
2586 2276 2645 2319 et

1573 2354 1686 2397 esto
1726 2360 1922 2408 servus,
1960 2345 2200 2410 qnoniam
2236 2342 2373 2394 liber
2416 2357 2533 2393 esse
2554 2358 2645 2394 ne-

1572 2422 1738 2473 scisti.
1792 2420 1927 2472 Inde
1969 2420 2319 2471 Massilienses
2344 2433 2551 2485 quoque
2573 2418 2639 2471 ad

1569 2498 1673 2547 hoc
1692 2504 1897 2562 tempus
1932 2502 2179 2561 usurpent
2216 2495 2505 2559 disciplinoe
2530 2510 2645 2559 gra·

1569 2574 1811 2635 vitatem,
1872 2572 2029 2635 prisci
2088 2571 2241 2621 moris
2290 2570 2641 2633 observantia,

1572 2644 1795 2695 caritate
1837 2646 2015 2709 populi
2048 2646 2197 2695 Rom.
2232 2646 2494 2710 praecipue
2515 2660 2640 2701 con·

1572 2720 1759 2785 spicui,
1787 2719 1873 2786 qui
1897 2731 2003 2770 tres
2024 2720 2077 2770 in
2112 2720 2294 2770 eodem
2318 2719 2639 2769 manumissi·

1572 2810 1698 2847 ones
1744 2795 1969 2846 rescindi
2012 2795 2341 2860 permittunt,
2376 2794 2420 2843 si
2452 2800 2535 2842 ter
2570 2794 2638 2845 ab

1571 2869 1755 2921 eodem
1789 2871 2067 2935 deceptum
2099 2870 2359 2920 dominnm
2390 2882 2641 2932 cognove-

1569 2948 1693 2999 rint.
1760 2948 1962 3001 Quarto
2012 2950 2170 2997 errori
2226 2945 2637 2996 subveniendum

1569 3038 1675 3073 non
1699 3029 1907 3089 putant,
1943 3025 2063 3090 quia
2092 3039 2183 3074 sua
2197 3022 2307 3087 jam
2330 3020 2484 3085 culpa
2506 3020 2641 3085 inju-

1571 3090 1707 3150 riam
1758 3100 1984 3166 accepit,
2019 3100 2107 3166 qui
2142 3100 2191 3148 ei
2219 3112 2275 3147 se
2312 3099 2467 3148 toties
2488 3098 2637 3163 obje-

1570 3174 1683 3226 cit.’

1640 3258 1661 3285 ¹
1692 3252 1985 3302 Remenndoe
2006 3250 2240 3301 libertatis
2248 3246 2357 3313 jus]
2410 3244 2533 3299 Non
2558 3258 2637 3298 et·-

1571 3340 1639 3392 go
1664 3332 1831 3375 ratum
1857 3324 2059 3375 Claudii
2090 3324 2363 3389 judicium,
2405 3323 2495 3388 qui
2524 3322 2540 3350 ‘
2562 3322 2641 3373 ln·

1574 3405 1750 3466 gratos
1773 3407 1829 3451 et
1843 3400 1909 3449 de
1932 3400 2116 3464 quibus
2138 3399 2341 3462 patroni
2365 3412 2639 3464 quereren-

1573 3484 1679 3539 tur,
1696 3476 1959 3527 revocavit
1976 3476 2028 3524 in
2046 3476 2349 3525 servitutem
2371 3474 2405 3525 ι’
2423 3476 2638 3526 Sueten.

1572 3568 1623 3603 c.
1667 3558 1749 3603 25.
1817 3552 1883 3602 In
1921 3566 2023 3617 qno
2067 3552 2309 3602 Claudius
2341 3553 2635 3617 exemplum

1570 3624 1969 3678 Atheniensium
2012 3632 2220 3676 secutus
2254 3627 2413 3677 videri
2440 3634 2638 3691 potest,

1572 3703 1709 3769 apud
1746 3718 1891 3769 quos,
1933 3704 1949 3732 ‘
1975 3703 2242 3754 convictus
2272 3718 2302 3754 a
2338 3712 2553 3767 patrono
2574 3704 2637 3755 li·

1569 3778 1751 3831 bertus
1786 3779 2037 3843 ingratus,
2071 3778 2194 3844 jure
2216 3779 2470 3829 libertatis
2492 3778 2637 3828 exni-

1571 3856 1693 3921 tnr,'
1732 3856 1806 3907 ait
1828 3854 2066 3907 Valerius
2104 3852 2164 3906 ir.
2186 3860 2237 3907 0.
2277 3864 2332 3906 et
2365 3852 2632 3905 Plutarch.

1569 3936 1625 3983 iu
1676 3932 1882 3983 Solone.
1930 3931 2198 3985 Jndicavit
2244 3946 2369 3994 ergo
2425 3929 2631 3996 quiden

1569 4008 1647 4059 ita
1668 4007 1916 4058 Claudius
1934 4024 1948 4068 ;
1993 4006 2091 4057 sed
2114 4007 2164 4054 in
2188 4003 2389 4069 legibus
2411 4010 2465 4053 et
2487 4018 2631 4056 more

1571 4084 1807 4134 Romam
1856 4082 1995 4136 aliud
2033 4082 2156 4147 fuit,
2210 4080 2291 4133 nti
2344 4080 2635 4139 audiemus.

1566 4157 1779 4225 Lipsius.
