3200 4934
615 396 787 463 1126
1300 414 1365 461 o.
1414 410 1776 461 connitur
1823 405 2077 461 'moiri

605 556 974 634 clamitanS,
1057 559 1078 589 ‘
1121 556 1444 639 aspiceret
1534 558 1878 620 verberum
1953 552 2201 633 notaS,‘¹
2287 556 2814 622 reminisceretur

608 659 848 735 vocis:
916 678 1051 741 qua
1108 676 1179 720 se
1246 657 1614 721 obnoxium
1679 657 1892 740 jussis
1973 652 2419 720 Messallinaef
2485 657 2806 721 dedisset.

607 756 785 821 Aliis
832 758 1193 839 largitione,
1242 762 1356 821 aut
1406 758 1553 841 spei
1607 756 2080 838 magnitudine,
2113 758 2242 822 sibi
2285 778 2374 821 ex
2415 758 2811 821 necessitate

610 860 921 940 culpam:
994 878 1118 922 nec
1164 860 1479 941 cuiquam
1521 864 1674 921 ante
1732 858 2138 939 pereundum
2191 858 2444 935 fuisse,
2481 860 2543 922 si
2601 858 2814 944 Silius

604 979 821 1023 rerum
864 960 1223 1043 potiretur!
1311 958 1732 1021 Commotum
1759 959 1883 1036 hie,
1913 964 1981 1023 et
2009 978 2286 1041 pronum
2317 958 2404 1022 ad
2433 958 2809 1023 misericor-

606 1061 784 1125 diam
830 1060 1167 1125 Caesarem
1222 1060 1567 1143 perpulere
1618 1060 1855 1137 liberti,
1912 1065 1932 1094 ‘
1961 1081 2070 1139 ne,
2100 1066 2199 1124 tot
2247 1060 2608 1125 illustribus
2643 1060 2808 1123 viris

602 1161 980 1239 interfectis,
1022 1162 1325 1226 histrioni
1382 1162 1864 1228 consuleretur:
1923 1168 2160 1244 sponte
2205 1181 2289 1224 an
2339 1166 2614 1225 coactus
2669 1164 2807 1223 tam

600 1280 835 1343 magna
878 1264 1313 1346 peccavisset,
1344 1264 1507 1327 nihil
1554 1262 1833 1327 referre?
1919 1262 2030 1327 Ne
2057 1261 2283 1325 Trauli
2313 1261 2579 1343 quidem
2611 1260 2808 1324 Mon-

2489 416 2578 482 [Α.
2605 420 2666 469 υ.
2691 420 2816 469 sor.

600 1451 863 1513 stigmata,
899 1456 955 1498 e't
996 1448 1357 1499 recordaretur
1392 1450 1593 1513 imperii
1633 1450 1712 1499 sui
1749 1450 1943 1507 Caesar,
1987 1466 2087 1515 quo
2133 1466 2208 1511 se,
2243 1450 2452 1515 jubenti
2484 1448 2804 1499 Messallinae.

600 1528 795 1563 morem
828 1528 1025 1577 gerere,
1040 1514 1300 1577 jussisset.
1370 1514 1501 1562 Aliis
1525 1529 1590 1561 ex
1613 1514 1942 1571 liberalitate,
1975 1523 2066 1565 aut
2103 1516 2214 1580 spei
2235 1515 2590 1579 amplitudine,
2611 1514 2810 1573 fucinus

600 1580 937 1638 admirantum
960 1578 1060 1625 sibi
1082 1584 1347 1627 extortum
1380 1578 1431 1627 vi
1465 1578 1694 1638 crimen;
1727 1594 1825 1628 uec
1861 1580 1952 1628 ulli
1987 1580 2135 1643 prius·
2162 1580 2524 1628 intereundum
2563 1576 2740 1637 fuisse,
2762 1576 2805 1624 si

598 1642 755 1692 Silius
780 1640 1049 1703 imperium
1072 1641 1350 1691 obtineret.
1404 1642 1505 1689 His
1523 1643 1770 1703 maenum,
1787 1648 1834 1690 et
1851 1649 2088 1705 promtum
2102 1645 2165 1692 ad
2185 1645 2535 1693 miserationem
2553 1640 2810 1690 Claudium

600 1712 817 1754 monuere
851 1704 1121 1765 libes-eisne
1150 1706 1304 1753 mimo
1337 1712 1660 1767 parceretur,
1697 1711 1774 1755 tot
1809 1708 1964 1755 claris
2004 1708 2206 1756 civibus
2239 1708 2556 1766 interemtis3
2591 1712 2646 1754 et
2681 1702 2807 1753 nihil

596 1769 957 1832 interesse,.an
978 1770 1139 1829 ultro,
1162 1769 1246 1817 vel
1264 1768 1473 1833 invitus,
1498 1776 1606 1818 tam
1629 1769 1869 1819 immania
1888 1770 2212 1835 deliquisset.
2281 1773 2358 1820 Ne
2389 1773 2575 1833 quidem
2594 1770 2804 1818 admisu

1598 1914 1810 1975 NOTAE

598 2023 865 2074 familiaris
886 2022 1094 2075 fuerat.'
1807 2028 1964 2079 Forte
1998 2028 2050 2077 in
2074 2033 2240 2077 semet
2275 2027 2432 2076 talem
2451 2039 2690 2089 pompam
2715 2040 2808 2075 ex·

664 2099 901 2163 Mnester]
931 2101 1145 2150 Sueton.
1167 2101 1433 2164 Calig.56.
1452 2100 1469 2129 ⁴
1488 2102 1663 2151 Mnes-
1741 2104 2001 2167 cogitarat
2043 2103 2404 2167 pantomimus,
2449 2117 2548 2166 qno
2593 2101 2801 2151 facilem

598 2182 764 2227 terem
787 2176 1158 2239 pantomimum
1183 2176 1338 2225 etiam
1361 2177 1499 2225 inter
1518 2191 1661 2239 spec·
1740 2180 2000 2229 Caesarem
2027 2179 2194 2229 adhuc
2217 2178 2472 2241 eluderet,
2509 2183 2630 2241 post
2655 2183 2804 2226 tanta

598 2255 768 2303 tacula
790 2252 1134 2315 osculabatur,
1165 2268 1225 2301 ac
1244 2252 1285 2301 si
1302 2254 1415 2316 quis
1436 2254 1660 2302 saltante
1741 2262 1947 2319 tamque
1970 2255 2177 2319 publica
2199 2254 2411 2319 flagitia.

596 2344 679 2393 eo,
702 2330 786 2379 vel
826 2330 1034 2393 leniter,
1066 2328 1412 2393 obstreperet,
1454 2330 1662 2378 detrahi
1807 2335 1830 2361 θ
1851 2329 2251 2378 Reminisceretw
2287 2328 2436 2391 vocis]
2503 2326 2567 2376 In
2593 2326 2800 2377 Claudii

590 2406 812 2467 jussum,
834 2420 987 2455 manu
1011 2420 1106 2453 sua
1126 2402 1461 2468 flagellabat?

660 2488 681 2512 ⁰·
720 2480 974 2529 Dilaniata
1009 2479 1157 2541 ceste]
1223 2478 1285 2527 In
1324 2484 1438 2527 arte
1458 2476 1662 2527 histrio-

596 2556 715 2605 nica
757 2556 977 2605 salutem
1022 2568 1163 2604 suam
1204 2556 1447 2619 quaesivit
1480 2556 1662 2604 histrio

598 2632 709 2681 Cic.
735 2635 784 2681 ³.
827 2631 895 2679 de
919 2630 1071 2680 Orat.
1111 2631 1125 2658 ‘
1149 2631 1328 2681 Genus
1366 2632 1463 2681 hoc
1494 2638 1661 2681 totum

596 2714 842 2769 oratores,
859 2706 947 2771 qui
966 2712 1087 2755 sunt
1106 2707 1342 2755 veritatis
1365 2708 1524 2770 ipsius
1545 2722 1660 2756 auc-

592 2790 761 2843 tores3
786 2782 1072 2833 imitatores
1096 2788 1269 2832 autem
1296 2784 1535 2833 veritatis
1555 2784 1656 2833 his-

594 2860 803 2921 triones,
834 2864 1239 2921 occupaveruat,
1272 2858 1323 2907 in
1348 2858 1532 2923 quibus
1575 2874 1658 2908 res

592 2934 709 2997 ipsa
739 2948 976 2999 magnam
1015 2935 1117 2982 vim
1138 2934 1329 2983 habet:
1370 2941 1428 2984 ut
1465 2936 1507 2983 si
1542 2936 1657 2999 quis

592 3008 759 3056 nudet
796 3015 1001 3071 pectus,
1045 3010 1392 3073 ostendatque
1428 3011 1658 3072 vulnera,

594 3096 711 3147 quae
742 3082 959 3145 Reipub.
990 3084 1407 3148 causa-excepit,
1428 3088 1525 3135 ἀς.
1591 3086 1656 3134 In

593 3166 747 3208 causa
783 3158 1073 3220 peroranda
1102 3174 1205 3207 non
1228 3159 1487 3209 dubitavit
1504 3161 1657 3210 Cras-

593 3246 678 3283 sus
718 3234 1009 3283 exercitare
1056 3249 1198 3283 reum
1238 3235 1577 3297 consularem,
1599 3243 1656 3287 et

594 3310 708 3374 ejus
732 3309 1009 3360 diloricare
1032 3310 1301 3360 tunicam?

602 3390 609 3395 '
656 3386 817 3434 Forte
862 3386 1015 3435 scidit
1056 3393 1259 3436 vestem
1295 3385 1359 3437 ad
1406 3385 1654 3436 indicium

590 3459 798 3520 doloris,
820 3468 873 3509 et
894 3462 1006 3523 irae,
1029 3462 1192 3528 (quod
1212 3478 1308 3527 pro
1326 3478 1473 3513 more
1496 3463 1654 3513 fiebat

588 3532 735 3598 olim)
746 3535 893 3583 simul
910 3542 967 3585 et
981 3538 1271 3601 plagarum:
1293 3540 1513 3604 primum
1529 3537 1656 3589 fecit

586 3610 905 3673 histrionice,
974 3613 1255 3662 secundum
1322 3628 1388 3663 ex
1436 3614 1660 3664 veritate

586 3699 679 3735 rei.

599 3774 605 3781 ·
652 3760 677 3796 ‘¹
693 3762 939 3826 Aspiceret
956 3766 1193 3816 verber-um
1210 3768 1369 3829 notas]
1390 3768 1523 3817 Tum
1542 3783 1654 3818 cer-

590 3846 645 3889 te
669 3854 793 3888 vera
816 3854 987 3901 scena,
1008 3856 1159 3890 verus
1196 3842 1345 3891 ludus
1380 3842 1499 3904 fuit,
1535 3858 1652 3892 cum

585 3916 695 3966 sine
728 3917 873 3965 larva
912 3932 968 3965 se
1006 3916 1119 3980 ipse
1162 3916 1432 3967 exhiberet
1470 3919 1652 3969 mimus

586 3992 781 4041 nudum
820 3998 877 4042 et
913 3990 1089 4053 flagris
1126 4007 1333 4055 caesum,
1358 4000 1418 4042 ut
1439 3994 1650 4059 obsequi

588 4068 905 4117 Messalliuae
930 4068 1116 4117 vellet:
1152 4067 1277 4132 quid
1308 4069 1469 4131 magis
1492 4070 1652 4119 mimi-

584 4154 720 4204 cum,
744 4150 833 4193 aut
858 4143 1097 4194 theatrali
1124 4143 1309 4209 plausu
1332 4142 1562 4210 dignum,
1598 4144 1652 4194 in

589 4216 684 4265 tali
705 4220 963 4281 persona?
1014 4234 1024 4241 ·

1731 2405 1898 2468 jussu,
1917 2412 1972 2454 et
1999 2405 2046 2452 vi
2069 2407 2262 2470 majore
2279 2403 2609 2465 Messallinae,
2625 2404 2804 2473 Mnes-

1744 2482 1868 2529 teris
1907 2481 2172 2529 excusatio
2208 2481 2374 2542 accipi
2397 2480 2594 2529 debuit.
2664 2479 2802 2529 Haec

1741 2558 1912 2621 aperit
1951 2558 2052 2606 Dio
2083 2558 2120 2606 l.
2146 2571 2235 2607 Lx.
2273 2557 2290 2586 ‘
2312 2556 2591 2605 Mnesteris
2625 2569 2804 2604 amore

1739 2630 1962 2697 flagrans
1985 2634 2299 2693 Messallina,
2321 2648 2436 2682 cum
2459 2646 2627 2695 neque
2651 2632 2802 2694 polli-

1741 2708 1878 2771 citis,
1909 2722 2075 2771 neque
2097 2708 2261 2771 minis,
2295 2708 2399 2757 ullo
2433 2707 2586 2755 modo
2609 2706 2676 2755 ad
2699 2706 2802 2755 coi-

1744 2788 1849 2830 tum
1870 2782 2119 2845 pellicere
2137 2787 2329 2845 posset,
2347 2781 2498 2845 petiit
2520 2796 2551 2829 a
2569 2780 2803 2843 Claudio,

1737 2862 1797 2905 ut
1834 2857 1978 2905 illum
2009 2856 2224 2921 obsequi
2263 2857 2356 2905 sibi
2392 2856 2624 2920 juberet,
2654 2858 2802 2920 quasi

1737 2932 2014 2981 Mnesteris
2060 2940 2174 2982 arte
2211 2932 2312 2980 alia
2349 2932 2400 2981 in
2441 2944 2498 2981 re
2545 2931 2642 2981 sibi
2669 2946 2802 2995 opus

1737 3016 1900 3057 esset:
1937 3014 2048 3058 tum
2079 3024 2109 3057 a
2135 3008 2348 3057 Claudio
2368 3008 2562 3071 jussus,
2584 3006 2802 3055 Messal-

1735 3084 1855 3133 linae
1893 3085 1944 3132 in
1979 3085 2212 3134 omnibus
2241 3098 2434 3133 morem
2458 3096 2658 3145 gerere,
2679 3072 2800 3132 cuni

1733 3161 1819 3209 illa
1841 3176 1948 3210 rem
1970 3160 2170 3220 habuit,
2207 3167 2450 3222 tanquam
2475 3157 2528 3205 id
2551 3158 2800 3222 princeps

1735 3249 1942 3299 quoque
1957 3233 2236 3297 jussisset!
2301 3234 2597 3283 Ver-cranius.

1802 3310 1823 3342 s
1843 3311 2112 3359 Obnoxiam
2129 3312 2283 3371 jussis
2303 3309 2614 3374 Meuaniam]
2647 3311 2800 3361 Com·

1733 3394 1963 3436 mentum
2002 3385 2227 3436 foeminae
2262 3388 2508 3451 lepidum.
2575 3388 2798 3436 Mimum

1731 3462 1888 3512 istum
1910 3462 2187 3525 deperibat
2215 3463 2530 3513 Messallina.
2616 3462 2800 3511 Solici-

1739 3544 1829 3590 tat.
1895 3538 1992 3588 Ille
2017 3540 2361 3602 tergiversari,
2379 3544 2608 3587 metuere
2623 3538 2798 3601 Impe-

1737 3621 1978 3667 ratorem.
2044 3614 2184 3667 Quid
2209 3628 2351 3677 ergo,
2371 3612 2416 3662 si
2447 3612 2660 3661 maritus
2683 3614 2796 3675 ipse

1728 3692 1955 3755 jubeat?
1989 3690 2173 3754 inquit.

1805 3766 1876 3817 Et
1913 3780 2030 3815 cum
2073 3766 2258 3815 marito
2293 3765 2418 3828 egit,
2453 3764 2600 3829 quasi
2637 3774 2798 3828 opera

1733 3841 2013 3891 Mnesteris
2036 3840 2208 3905 aliqua
2225 3840 2275 3889 in
2301 3853 2356 3888 re
2388 3838 2463 3887 illi
2487 3854 2626 3887 usus.
2694 3839 2798 3888 Ille

1731 3926 1970 3966 vocatum
2007 3916 2213 3964 mimum
2238 3916 2372 3963 male
2393 3914 2607 3976 accipit,
2635 3912 2794 3977 jubet

1732 3992 1784 4040 in
1807 3990 2040 4040 omnibus
2063 3990 2212 4040 uxori
2235 3990 2448 4039 obediat
2485 3996 2793 4053 pereatque.

1733 4066 1934 4126 Paruit,
1959 4074 2012 4115 et
2037 4066 2090 4114 id
2106 4065 2308 4128 jussum
2333 4065 2506 4113 valere
2531 4064 2630 4113 sibi
2651 4076 2796 4113 nune

1732 4143 1862 4204 vult,
1882 4142 1946 4190 ad
1962 4141 2176 4190 veniam.
2190 4139 2524 4190 obtinendam
2541 4145 2596 4188 et
2613 4138 2796 4191 vitam-t

1733 4218 1840 4267 Dio
1862 4228 1954 4267 Lx.
1989 4214 2195 4281 Lipsius.
