3200 4934
2453 387 2633 457 1611

394 556 562 615 rent
586 548 623 613 :’
686 552 707 583 ‘
736 546 957 612 nullos
1003 542 1413 611 mortalium1¹²
1460 550 1660 613 armis
1706 555 1823 614 aut
1869 549 2002 613 fide
2053 554 2202 613 ante
2254 548 2630 615 Germanos

396 650 613 728 esse,’
646 650 1075 725 'exclamant,
1122 649 1744 732 degrediunturque⁶
1795 655 1863 714 et
1889 651 2075 715 inter
2125 650 2367 715 Patres
2413 653 2630 715 consi-

395 752 584 814 dunt
609 760 659 816 :¹²
701 752 881 834 quod
912 751 1185 815 comiter
1214 770 1257 813 a
1286 752 1653 815 visentibus
1679 757 2057 835 exceptum,
2088 753 2280 836 quasi
2311 753 2632 834 impetus⁰

396 853 697 935 antiqui,
748 859 815 916 et
868 853 1048 914 bona
1100 852 1571 916 aemulatione.⁷
1600 862 1628 901 P
1716 852 1900 917 Nero
1959 854 2232 919 civitate
2291 854 2630 917 Romnna‘¹

390 412 453 465 s.-
482 410 557 464 c.
580 410 694 474 so}
1114 404 1525 454 summust
1576 404 1724 453 mn.
1772 402 1947 454 xm.

394 1012 527 1056 tute
555 1014 645 1057 aut
667 1008 771 1057 fide
796 1009 1066 1059 Germanis
1093 1011 1410 1073 praecellere,
1448 1010 1807 1073 abscedantque,
1844 1016 1892 1060 et
1929 1012 2056 1059 inter
2086 1014 2323 1059 senatores
2351 1010 2504 1059 sedem
2529 1008 2628 1057 sibi

394 1072 631 1133 deligunt
646 1090 663 1121 .·
711 1076 830 1135 quod
848 1074 961 1122 bene
981 1074 1257 1136 honesteque
1278 1076 1583 1137 interpretati
1605 1082 1731 1136 sinit,
1751 1077 1832 1138 qui
1855 1076 2033 1137 eitiere,
2061 1075 2189 1123 velut
2217 1074 2388 1123 indolis
2407 1089 2464 1121 ac
2482 1073 2630 1136 speci·

394 1136 556 1185 minis
573 1138 776 1201 antiqui,
797 1143 845 1187 et
869 1138 1013 1188 velut
1035 1139 1334 1188 emulatione
1356 1140 1551 1201 egregia
1570 1138 1782 1189 sactum.
1871 1141 2128 1203 Utrumque
2148 1138 2368 1203 ascripsit
2393 1139 2554 1188 Coesar
2575 1140 2627 1186 in

1352 1278 1710 1299 OOOOOOOOOOOO

468 1380 507 1425 6
542 1376 629 1426 Sic
657 1378 885 1427 Picbena
921 1392 952 1426 e
995 1378 1098 1428 Ma.
1120 1378 1263 1427 Flor.
1330 1379 1393 1428 In
1419 1378 1685 1428 veteribus
1706 1377 2038 1441 editionibus,
2056 1379 2507 1441 digredientem—⁷
2538 1378 2628 1429 Ita

392 1440 539 1489 libri
575 1442 777 1505 scripti,
799 1450 851 1490 et
876 1442 1131 1491 editiones
1154 1450 1357 1491 veteres
1381 1459 1441 1491 ac
1468 1444 1802 1493 recentiores.
1870 1444 2086 1492 Frustra
2107 1443 2402 1492 emendavit
2425 1442 2626 1492 Rhena-

391 1519 527 1565 nus,
546 1505 663 1554 bona
679 1506 935 1555 mulatio.
1008 1506 1211 1569 Lipsius
1236 1508 1494 1568 tentabat,
1511 1508 1620 1555 boni
1653 1508 1964 1556 emulatione.
1998 1506 2225 1555 Brotier.
2291 1506 2502 1556 Amicus
2525 1512 2572 1572 et
2593 1523 2626 1555 a

393 1568 530 1618 bona
566 1572 893 1627 ‹emulatione3
941 1571 1158 1622 Juretus
1198 1576 1246 1620 et
1284 1571 1391 1621 boni
1422 1573 1676 1621 emulatio.
1746 1573 1871 1621 Mss.
1914 1572 1988 1620 nil
2025 1576 2247 1620 mutant.
2325 1571 2624 1635 &jehias-—

1388 1721 1608 1773 NOTAE

1550 1828 1718 1877 libro:
1754 1829 1770 1856 ‘
1795 1826 1899 1876 Sed
1939 1826 2188 1889 impetum
2227 1825 2361 1888 ejus,
2398 1824 2617 1873 multum

1550 1904 1695 1969 prius
1717 1904 1924 1953 laudata
1939 1901 2298 1965 magnitudine
2315 1900 2490 1962 animi,
2501 1899 2622 1949 atti-

400 1836 409 1839 ·
466 1834 509 1858 ¹¹¹
564 1828 729 1876 Nullos
766 1827 1056 1891 mortalium]
1120 1827 1273 1877 Hane
1311 1828 1470 1892 ipsam

394 1917 517 1951 rem
538 1900 749 1967 factam,
785 1904 1000 1952 Claudio
1024 1904 1274 1968 principe,
1314 1906 1474 1955 tradit

391 1978 701 2028 Suetonius.
767 1978 870 2027 Sed
897 1985 1022 2042 puto
1040 1978 1244 2028 fidelior
1262 1981 1471 2030 Tacitus

393 2054 453 2102 in
506 2054 923 2115 circumstantiis,
980 2068 1105 2116 quas
1160 2054 1244 2103 hic
1300 2053 1470 2105 affert.

396 2130 654 2178 Ceterum
708 2130 1023 2177 conveniunt
1078 2130 1131 2177 in
1184 2130 1472 2180 substantia

393 2204 504 2264 rei,
523 2210 582 2252 nt
602 2204 786 2266 solent,
800 2217 989 2266 nempe
1008 2204 1291 2255 Germanos
1312 2206 1467 2255 fidem

395 2294 548 2329 suam
586 2286 640 2329 et
676 2278 1028 2329 fortitudinem
1055 2281 1363 2343 praedicasse
1385 2296 1471 2331 no·

393 2354 495 2403 bili
516 2354 734 2419 impetn,
749 2363 802 2405 et
826 2356 1106 2419 specimine
1126 2372 1250 2407 vere
1270 2360 1469 2423 antiqui

396 2442 580 2477 moris.

466 2512 492 2536 ²
526 2505 661 2553 Inter
678 2509 841 2566 patres
860 2506 1128 2567 considunt]
1188 2507 1342 2557 Quod
1368 2508 1469 2553 Ta-

395 2580 539 2631 citus
562 2580 643 2628 hic
672 2581 882 2641 Neroni,
920 2580 1057 2629 idem
1080 2580 1353 2629 Suetonius
1377 2580 1469 2628 tri-

395 2654 518 2704 buit
542 2654 759 2704 Claudio
790 2669 906 2717 cap.
932 2658 1013 2703 ²⁵.
1047 2654 1063 2682 ‘
1088 2656 1467 2705 Germanorum

394 2731 589 2793 legatis
612 2732 666 2779 in
690 2731 975 2779 Orchestra
1007 2729 1191 2779 sedere
1214 2731 1467 2793 permisit,

395 2808 738 2871 simplicitate
762 2821 938 2856 eorum
973 2813 1027 2856 et
1061 2806 1253 2856 fiducia
1284 2814 1471 2871 motus,

397 2884 538 2949 quod
560 2883 611 2931 in
628 2883 900 2946 popularia
920 2882 1155 2944 deducti,
1172 2897 1289 2932 cum
1312 2883 1470 2933 anim·

400 2960 750 3013 advertissent
805 2958 1027 3007 Parthos
1084 2964 1139 3007 et
1198 2958 1467 3007 Armenios

398 3039 645 3088 sedentes
688 3038 738 3084 in
784 3044 986 3099 senatu,
1026 3035 1093 3083 ad
1129 3036 1313 3084 eadem
1353 3037 1469 3085 loca

396 3120 589 3177 sponte
614 3114 941 3173 transierant,
964 3112 1121 3159 nihilo
1153 3112 1466 3161 deteriorem

396 3191 645 3239 virtutem
670 3196 759 3237 ant
780 3187 1129 3237 conditionem
1152 3201 1296 3235 snam
1332 3202 1465 3250 proe-

396 3266 669 3316 dicantes.'

463 3342 568 3391 Hic
602 3340 867 3404 popularia,
890 3344 1009 3388 sunt
1047 3339 1236 3403 gradus
1260 3340 1464 3399 theatri,

398 3433 491 3468 sen
517 3432 707 3477 caveam,
730 3418 781 3466 in
816 3415 1003 3480 quibus
1025 3415 1241 3465 sedebat
1261 3424 1463 3479 specta-

400 3494 593 3558 batque
616 3494 839 3557 populns
864 3494 1017 3541 Rome
1091 3491 1193 3553 Ibi,
1215 3496 1275 3539 ut
1298 3492 1461 3553 vides,

399 3570 579 3619 eadem
620 3572 775 3631 actio,
816 3578 869 3619 et
914 3584 1055 3634 saepe
1092 3568 1271 3617 eadem
1313 3568 1463 3619 dicta

395 3645 657 3710 factaque,
682 3647 901 3695 diversis
942 3644 1259 3710 principibus
1296 3644 1460 3693 tribu-

398 3730 567 3772 untur.
646 3724 778 3771 Uter
813 3723 985 3772 verius
1021 3720 1313 3784 tradiderit,
1346 3720 1461 3785 quis

395 3812 533 3848 nunc
556 3798 801 3847 decidat?
833 3798 1037 3847 Tacitus
1061 3804 1233 3845 tamen
1257 3810 1323 3845 ex
1345 3809 1459 3859 pro·

396 3874 535 3925 fesso
554 3876 733 3924 scribit
756 3876 1039 3931 historiam,
1052 3888 1153 3923 non
1167 3874 1459 3924 Suetonius.

470 3952 743 4013 Orchestra,
766 3958 819 3999 et
840 3956 1041 4011 unam,
1062 3950 1198 3998 idem
1225 3958 1319 3998 est.
1392 3951 1460 3998 Ε-

394 4032 479 4075 rat
500 4027 643 4075 locus
661 4026 875 4075 Petrum
894 4026 945 4073 in
964 4026 1165 4075 theatro
1186 4026 1459 4089 moneam,

393 4116 553 4167 quare
576 4108 633 4151 et
652 4108 871 4151 vocatur
886 4107 1092 4151 matus.

458 4184 483 4210 ⁰
516 4176 748 4241 Impetus]
783 4178 993 4240 Impetus
1010 4177 1111 4237 bic,
1128 4182 1211 4227 est
1233 4175 1457 4239 repenti-

344 4254 349 4261 '
390 4266 485 4303 nus
507 4252 751 4305 animi’ea
768 4252 989 4305 honesto
1011 4259 1198 4305 motus.
1267 4253 1343 4305 Ut
1355 4252 1453 4303 boc

1551 1994 1712 2028 nuere
1737 1976 2043 2027 senatores.'

1614 2055 1898 2117 Antiquum,
1935 2052 2075 2118 quod
2110 2049 2486 2117 quodammodo
2530 2064 2618 2099 ex-

1552 2130 1699 2181 cedit
1737 2130 1946 2180 modum
1996 2130 2190 2187 soeculi,
2226 2134 2282 2176 et
2321 2126 2618 2191 antiquitati

1552 2207 1778 2256 laudatae
1821 2221 1917 2269 par
1957 2211 2052 2255 est.
2135 2202 2400 2253 AEmulatio
2445 2208 2618 2252 autem

1552 2282 1688 2342 bona,
1711 2288 1769 2331 ut
1793 2282 1918 2331 alibi
1936 2296 2100 2345 prava.

1615 2358 1704 2407 Sic
1749 2358 1905 2421 igitur
1943 2358 2158 2419 accipe:
2211 2354 2344 2418 quasi
2387 2354 2440 2403 id
2479 2359 2616 2402 esset

1547 2434 1753 2496 impetus
1771 2434 1985 2496 ntiqui5
2033 2438 2082 2480 et
2103 2432 2220 2480 oona
2241 2430 2536 2479 emulatione
2557 2428 2618 2479 fi·

1551 2514 1684 2556 eret.
1753 2508 2033 2555 Gronovius.

1616 2581 1826 2643 Impetus
1843 2580 2056 2643 antiqui]
2091 2580 2236 2628 Bene
2259 2578 2448 2629 dicitur
2468 2579 2613 2643 impe-

1548 2660 1628 2704 tus
1665 2656 1752 2703 ille
1789 2658 1943 2703 moris
1981 2662 2036 2705 et
2081 2655 2375 2718 speciminis
2409 2656 2613 2717 antiqui,

1548 2745 1649 2795 quo
1673 2745 1817 2779 mens
1841 2729 1950 2779 sive
1973 2729 2186 2793 animus,
2217 2730 2362 2779 velut
2381 2736 2532 2779 extra
2556 2745 2612 2779 se

1548 2807 1840 2869 prorumpit
1861 2808 1914 2855 in
1949 2806 2190 2855 eximium
2213 2805 2500 2868 consilinm,
2521 2811 2613 2854 aut

1548 2880 1744 2933 factum
1767 2883 1972 2948 aliquod
1997 2881 2279 2947 egregium!

1612 2961 1699 3009 Sic
1723 2960 1880 3009 etiam
1903 2959 1968 3008 de
1990 2960 2201 3009 Nerone
2223 2957 2454 3018 Tacitus,
2491 2971 2610 3007 cum

1546 3050 1734 3098 nempe
1758 3050 1820 3085 eo
1854 3049 2018 3100 usque
2040 3032 2203 3083 effusa
2241 3042 2322 3083 est
2362 3034 2470 3097 ejus
2507 3035 2610 3083 cle-

1548 3112 1742 3160 mentia
1781 3110 2192 3175 benignitasque,
2229 3116 2288 3159 ut
2322 3114 2490 3158 cuncta
2511 3124 2610 3159 vec·

1545 3187 1724 3249 tigulia
1742 3187 1922 3250 generi
1944 3187 2236 3235 mortalium
2260 3186 2396 3234 ultro
2427 3200 2610 3236 conce·
2659 3198 2664 3203 ·

1546 3264 1714 3315 deret.
1794 3264 1967 3327 Supra
2003 3278 2049 3312 c.
2073 3267 2156 3311 50.
2185 3263 2202 3289 ‘
2226 3261 2328 3309 Sed
2347 3261 2608 3324 impetum

1544 3340 1678 3403 ejus,
1699 3342 1799 3389 dxc.
1823 3338 2116 3390 attinuere!

1544 3440 1553 3447 ·
1609 3424 1634 3457 Ρ
1671 3417 1739 3465 Et
1761 3416 1880 3465 bona
1895 3413 2210 3476 mutatione]
2256 3413 2477 3461 Veteres
2498 3426 2606 3462 om-

1542 3506 1655 3552 nes,
1669 3492 1804 3555 quasi
1819 3492 2024 3553 impetus
2043 3488 2241 3553 antiqui,
2260 3492 2307 3535 et
2327 3486 2446 3536 bona
2463 3490 2606 3537 antu-

1540 3567 1733 3629 lotione‚
1751 3568 1877 3616 satis
1899 3567 2084 3614 idoneo
2103 3578 2272 3613 sensu.
2335 3563 2429 3613 Ait
2449 3564 2604 3627 enim,

1539 3636 1840 3692 libertatem
1879 3643 2020 3691 illam
2043 3642 2412 3691 Germanorum
2449 3640 2605 3689 comi-

1542 3725 1625 3768 ter
1644 3733 1674 3766 a
1699 3717 1980 3768 visentibus
2002 3723 2293 3779 acceptam,
2327 3715 2466 3779 quasi
2490 3728 2600 3778 prae

1539 3810 1597 3845 se
1622 3794 1827 3844 tulisset
1848 3793 2036 3857 aliquid
2063 3793 2258 3858 antiqui
2281 3792 2603 3856 impetus,·et

1540 3870 1674 3919 bona
1697 3870 2020 3918 aemulatione
2045 3868 2238 3917 factum
2261 3872 2415 3915 esset.

1605 3945 1854 3994 Rhenano
1875 3952 2046 3994 tamen
2068 3942 2286 4005 placuit,
2316 3945 2364 3990 et
2395 3939 2514 3989 bona
2533 3954 2598 3988 ω-

1537 4023 1760 4071 mulatio:
1813 4036 1910 4070 non
1935 4021 2096 4078 ma1e3
2148 4018 2241 4067 sed
2273 4017 2392 4065 mihi
2425 4016 2599 4080 priten

1536 4097 1697 4146 lectio
1720 4100 1904 4160 potior.
1969 4096 2198 4145 Pickena.

1598 4182 1625 4215 *Ι
1683 4174 1896 4224 civitate
1941 4170 2174 4232 Roma]
2237 4170 2390 4221 Quod
2439 4170 2596 4221 decus

1534 4250 1798 4315 praecipue
1820 4260 2118 4301 concessum
2149 4245 2456 4312 primoribus
2476 4252 2595 4315 pro-
