3200 4934
373 308 380 318 ’
465 334 730 399 Lau]

1150 328 1564 381 autunum
1616 330 1765 380 Lu.
1810 332 1952 382 111.

2489 309 2664 377 1373

1453 538 1677 590 NOTAE

464 668 680 719 vixisset
702 682 864 719 annos
895 674 1003 719 tres
1024 674 1080 719 et
1097 668 1396 734 sexagints3
1431 667 1522 716 lm-

466 752 702 809 perasset
740 744 1014 805 tredecim,
1045 757 1350 811 mensesque
1391 757 1522 807 proe-

465 828 610 869 terea
619 822 878 883 octo,dies
897 821 1091 881 viginti.
1114 818 1404 870 Uteffieere
1423 820 1520 869 boc

461 902 642 960 posset
654 895 962 959 Agrippina,
979 896 1276 946 Narcissum
1299 894 1352 943 in
1373 894 1522 943 Cam·

463 973 689 1037 puniam,
736 973 884 1038 quasi
932 972 1174 1021 adversus
1236 970 1520 1034 podagram

461 1047 606 1110 aquis
633 1046 746 1109 ejus
779 1048 997 1111 regionis
1031 1060 1257 1107 usurum,
1279 1044 1520 1095 amanda·

463 1128 564 1179 rat,
583 1122 982 1171 attentissimum
1016 1120 1204 1170 domini
1238 1121 1316 1169 sui
1349 1126 1516 1169 custo·

461 1196 599 1258 dem,
635 1203 688 1246 et
721 1210 822 1261 quo
859 1202 1140 1260 praesente,
1172 1209 1430 1258 nunquam
1464 1194 1518 1243 ld

461 1270 662 1326 facinus
685 1282 992 1338 perpetrare
1014 1273 1286 1336 potuisset.
1351 1272 1418 1321 Et
1442 1272 1518 1321 in·

461 1348 676 1399 teritum
705 1349 913 1399 Claudii
942 1362 1078 1398 mors
1102 1346 1263 1411 ipsius
1287 1346 1520 1397 Narcissi

447 1422 741 1482 ⁴subsecuta
761 1423 876 1475 est-⁹

529 1498 670 1549 Hinc
703 1501 934 1565 colliges,
965 1501 1262 1551 nullatenus
1292 1498 1517 1550 abfuisse

462 1572 753 1638 claudium,
783 1574 876 1625 sed
905 1582 1106 1625 tantum
1129 1576 1445 1637 Narcissum,
1461 1580 1518 1623 et

459 1649 600 1698 nullo
616 1654 767 1700 modo
781 1658 1060 1713 egrotasse
1077 1650 1382 1713 principem,
1399 1664 1518 1699 cum

457 1724 556 1789 ipsi
577 1725 780 1775 boletus
807 1727 944 1776 inter
983 1728 1164 1791 epulas
1195 1733 1518 1790 praeparatus

458 1806 558 1850 est.
622 1802 761 1852 Nam
786 1803 1094 1853 temulentus
1115 1816 1144 1851 e
1161 1802 1400 1855 convivio,
1417 1802 1518 1851 ela-

460 1881 544 1925 tus
565 1882 667 1941 est,
691 1891 810 1925 cnm
841 1890 938 1941 pro
969 1890 1115 1926 more
1147 1891 1240 1925 sno
1278 1876 1516 1940 epulatus

458 1958 615 2019 esset,
637 1967 796 2018 seque
818 1952 955 2014 vino,
975 1960 1032 2003 ut
1051 1950 1268 2015 solebat,
1289 1952 1516 2016 ingurgi·

459 2033 652 2077 tasset:
688 2029 826 2092 quod
851 2030 950 2091 ipsi
976 2030 1131 2078 saluti
1151 2035 1286 2089 erat,
1307 2029 1404 2077 nisi
1431 2042 1516 2077 ve·

456 2116 592 2152 neno
612 2104 755 2167 pejor
773 2104 1020 2165 medicus,
1038 2118 1224 2152 novum
1248 2103 1386 2152 virus
1401 2103 1514 2166 pin·

460 2191 531 2227 na
553 2177 750 2241 gutturi
767 2178 1078 2240 ingessisset.

524 2253 710 2316 Neque
729 2254 884 2301 etiam
915 2252 1190 2303 Suetonius
1211 2268 1326 2303 eum
1351 2269 1514 2317 πιςτο-

457 2335 594 2379 tasse
611 2328 774 2391 ullibi,
786 2336 874 2377 aut
883 2328 1175 2379 Sinuessam
1191 2329 1346 2379 ivisse
1362 2330 1511 2379 dixit.

457 2402 642 2453 Claud.
655 2408 736 2453 44.
760 2406 959 2453 Datum
979 2418 1247 2468 venenum,
1263 2408 1276 2433 ‘
1303 2405 1510 2469 quidam

455 2480 670 2535 tradunt
691 2480 922 2543 epulanti
957 2482 1010 2529 in
1043 2494 1187 2543 arce,
1205 2496 1321 2531 cum
1341 2496 1512 2533 sacer-

455 2554 686 2617 dotibus,
703 2568 797 2617 per
811 2553 1057 2604 Halotum
1081 2554 1362 2617 spadonem
1380 2570 1512 2619 prae-

455 2638 804 2695 gustatorem:
830 2630 918 2678 alii
941 2630 1227 2679 domestico
1249 2630 1510 2694 convivio,

454 2720 551 2771 per
571 2708 734 2772 ipsam
761 2706 1114 2770 Agrippinam,
1142 2720 1258 2770 quae
1282 2705 1510 2756 boletum

452 2782 786 2841 medicatum,
815 2782 1106 2831 avidissimo
1141 2781 1368 2830 ciborum
1393 2781 1510 2831 tali-

453 2872 560 2921 um,
573 2858 748 2908 obtule
755 2858 866 2907 rat!

527 2932 614 2981 Sic
661 2932 828 2981 nulius
868 2938 1050 2982 auctor
1093 2931 1227 2980 dixit
1267 2945 1512 2996 unquam,

451 3013 544 3059 aut
581 3005 808 3057 abfuisse
829 3007 991 3057 Roma
1012 3006 1300 3070 Claudium,
1319 3015 1412 3058 aut
1442 3022 1510 3056 ω-

453 3089 711 3148 grotasse3
747 3081 902 3130 immo
937 3082 1073 3131 inter
1105 3082 1302 3145 epulas,
1336 3088 1392 3131 et
1423 3081 1510 3131 de·

447 3160 681 3211 lectabili
724 3158 844 3209 cibo
876 3158 1094 3224 vinoque
1127 3158 1404 3224 distentus,
1426 3172 1510 3207 ve·

449 3248 639 3285 uenum
659 3234 842 3285 hausit.

466 3356 474 3359 .
515 3312 704 3376 Neque
747 3312 902 3360 etiarn
937 3311 1151 3361 Tacitus
1183 3311 1338 3361 aliter
1370 3310 1506 3361 haud

449 3388 608 3439 dubie
641 3386 921 3451 scripserat
959 3388 1056 3437 hoc
1100 3390 1248 3449 loco;
1303 3398 1358 3437 et
1396 3389 1505 3451 ipse

449 3478 517 3515 ex
551 3465 668 3515 aliis
707 3465 1027 3526 auctoribus,
1059 3470 1115 3514 et
1147 3478 1212 3512 ex
1251 3464 1322 3513 rei
1345 3464 1504 3529 ipsius

449 3540 670 3591 veritate
702 3540 787 3590 hic
820 3539 1150 3605 corrigendus
1173 3547 1330 3604 atquc
1357 3541 1504 3590 intel-

447 3615 680 3679 ligendus
697 3623 796 3667 est.

465 3744 472 3749 ⁴
519 3692 765 3756 Claudius]
803 3695 959 3745 Forte
979 3693 1271 3757 exscriptor
1293 3692 1503 3754 inscius,

450 3781 690 3823 cnm-non
713 3770 836 3818 satis
861 3770 1178 3833 adverteret,
1203 3770 1256 3819 id
1280 3768 1502 3819 auctori·

449 3841 576 3893 tatis
605 3842 662 3891 iu
695 3844 811 3891 aula
845 3844 1000 3893 fuisse
1025 3846 1320 3895 Narcissum
1353 3845 1506 3895 liber-

450 3926 582 3981 tum,
610 3924 669 3967 ut
691 3918 804 3981 ejus
825 3919 1144 3982 aegritudinis
1165 3930 1220 3971 et
1253 3921 1504 3971 absentiae

444 3994 718 4059 occasione
763 3994 838 4043 uti
879 4003 1151 4058 cogeretur
1195 3995 1506 4059 Agrippina,

443 4071 512 4122 ad
566 4068 948 4135 properandum
1001 4071 1504 4135 perpetrandumque

445 4148 612 4207 scelus
642 4144 783 4212 quod
805 4143 1132 4209 moliebatur,
1169 4146 1266 4193 bec
1288 4146 1404 4193 loco
1425 4144 1500 4195 in-

1604 669 1761 718 trusit
1777 683 1869 719 suo
1886 674 2051 718 marte.
2071 682 2249 719 vocem
2267 662 2657 729 Claudianorum

1602 760 1787 809 magna
1830 761 1891 795 ea
1933 746 2225 807 occasione,
2266 759 2373 809 qua
2414 743 2659 807 princeps

1602 820 1715 884 ipse
1750 828 2049 885 egrotaret,
2086 820 2391 883 abessetque
2436 817 2583 877 urbe,
2603 822 2661 865 et

1602 898 1653 946 in
1673 907 1927 949 secretum
1945 896 2235 959 secederet,
2252 900 2432 959 egeret
2450 891 2660 941 soemina

1603 972 1669 1021 ad
1734 972 2025 1023 audendum
2056 970 2289 1019 -tandem
2337 966 2660 1017 veneficium.

1602 1048 1706 1099 Sed
1734 1062 1800 1099 ea
1834 1048 2055 1107 macula,
2077 1047 2450 1110 cujuscumque
2472 1044 2559 1107 sit,
2590 1054 2659 1091 ex

1597 1126 1775 1177 Taciti
1796 1125 2066 1175 codicibus
2088 1122 2309 1174 eluenda
2334 1121 2543 1172 tandem
2567 1120 2659 1181 ali-

1600 1203 1811 1267 quando
1831 1200 1948 1252 fuit.

1666 1276 1913 1341 Claudias]
1971 1276 2125 1341 Puto,
2166 1274 2445 1338 scripserat
2486 1272 2659 1325 Tacit.

1602 1356 1827 1407 Claudius
1848 1356 2118 1417 Narcissus,
2139 1354 2221 1403 vel
2254 1354 2329 1401 sic
2360 1352 2438 1401 Cl.
2462 1350 2661 1400 Narcis-

1595 1432 1841 1496 sus,quod
1866 1430 2003 1480 idem
2026 1436 2138 1490 est;
2173 1428 2265 1478 sed
2288 1442 2405 1477 cnm
2427 1426 2656 1490 exscrip—

1599 1514 1757 1567 teres,
1769 1508 1852 1557 vel
1872 1504 2121 1569 magistri,
2132 1516 2233 1553 non
2248 1502 2375 1551 satis
2388 1505 2657 1563 caperent,

1597 1582 1875 1633 Narcissum
1896 1581 2073 1631 vocari
2096 1579 2252 1629 etiam
2278 1576 2545 1637 Claudianis,
2567 1588 2657 1623 no·

1596 1658 1733 1709 mine
1751 1657 1956 1721 patroni
1972 1656 2268 1717 sui,nempe
2294 1651 2485 1701 Claudii
2518 1649 2657 1713 prin-

1595 1736 1745 1800 cipis,
1773 1732 1835 1783 rb
1856 1734 2111 1783 Narcissus
2126 1730 2449 1789 deleverunt,
2471 1727 2652 1791 sicque

1597 1826 1702 1861 una
1760 1810 1954 1861 abolita
2005 1819 2135 1857 voce
2179 1811 2341 1857 totam
2386 1802 2653 1853 historiam

1597 1886 1982 1951 perturbarunt.
2370 1930 2377 1937 ,

1660 1963 1715 2011 Si
1732 1961 1869 2012 forte
1886 1958 2052 2009 edidit
2082 1956 2212 2007 Tac.
2248 1952 2495 2017 Claudius,
2516 1950 2654 2017 quod

1595 2052 1699 2086 non
1740 2042 1885 2100 puto,
1916 2034 2053 2081 forte
2096 2032 2189 2093 sic,
2228 2030 2349 2095 quia
2390 2042 2651 2093 nunqnam

1593 2112 1879 2175 cogitasset
1912 2108 2053 2167 talia,
2090 2120 2207 2171 quoe
2240 2106 2325 2153 hic
2359 2110 2657 2167 narrantur,

1589 2186 1711 2250 capi
1734 2200 1883 2250 posse
1907 2183 1975 2232 de
1998 2182 2215 2233 Claudio
2248 2180 2507 2246 principe,
2532 2193 2651 2227 eum

1593 2267 1773 2311 cetera
1822 2257 2013 2321 omnis,
2065 2270 2181 2321 quae
2236 2260 2537 2319 sequuntur,
2574 2266 2656 2302 re·

1592 2340 1844 2400 pugnent.

1615 2432 1622 2439 ·
1656 2412 1818 2461 Forte
1852 2408 2155 2473 scripserat,
2200 2406 2395 2456 Claudii
2435 2403 2652 2468 liber-tim

1590 2487 1679 2552 qui
1700 2494 1847 2537 certe
1867 2484 2071 2535 Claudii
2096 2483 2285 2532 vindex
2307 2495 2368 2531 ae
2400 2479 2647 2529 defensor

1587 2560 1961 2624 maximus,qui
1983 2560 2027 2609 si
2051 2558 2306 2609 adfuisset
2329 2558 2383 2605 in
2404 2557 2537 2620 aula,
2557 2558 2650 2611 mi·

1590 2650 1685 2685 nus
1730 2650 1853 2683 ausa
1906 2641 2045 2683 esset
2094 2633 2403 2695 Agrippina.
2489 2633 2649 2682 Forte

1592 2710 1784 2760 Claudii
1815 2710 2021 2765 minden-5
2052 2714 2109 2756 et
2131 2716 2275 2756 certe
2300 2720 2447 2755 verus
2472 2720 2649 2757 sensus

1586 2785 1751 2834 Taciti
1776 2790 1885 2845 est;
1910 2790 2147 2849 quierant
2168 2783 2255 2831 alii
2277 2782 2453 2831 verba.

1658 2862 1884 2910 Claudius
1916 2859 1967 2907 ἐκ
2000 2862 2135 2908 tanta
2168 2856 2310 2919 mole]
2367 2856 2445 2903 Ut
2473 2854 2648 2905 Taciti

1588 2936 1819 2986 narratio
1836 2941 1937 2998 est,
1956 2946 2056 2982 non
2070 2932 2269 2993 Romoe,
2286 2930 2379 2980 sed
2398 2930 2479 2980 vel
2498 2930 2649 2979 Sinn-

1588 3026 1731 3074 essae,
1772 3011 1855 3059 vel
1888 3011 1941 3059 in
1977 3008 2181 3072 itinere,
2212 3022 2313 3072 quo
2354 3006 2645 3059 Sinuessam

1588 3086 1864 3152 pergebat,
1916 3085 2117 3136 occisus
2182 3082 2427 3133 Claudius
2480 3084 2649 3147 prima

1587 3162 1761 3214 fronte
1793 3162 2057 3212 videatur:
2094 3160 2184 3209 sed
2208 3159 2502 3208 attendenti
2527 3173 2645 3223 quse

1588 3239 1657 3289 de
1672 3238 1959 3303 Agrippina
1983 3236 2259 3285 narrantur
2284 3234 2493 3296 ibidem,
2512 3248 2645 3284 mor-

1587 3320 1731 3363 tuum
1790 3312 2066 3361 Claudium
2104 3313 2157 3360 in
2191 3308 2385 3372 palatio
2421 3314 2477 3357 et
2514 3309 2644 3359 urbe

1585 3403 1689 3438 non
1735 3388 1837 3437 erit
1874 3386 2102 3437 dubium.
2170 3384 2301 3434 Haec
2346 3382 2647 3435 cmubom

1585 3464 1637 3511 in
1660 3464 1795 3511 notis
1816 3462 1881 3509 ad
1898 3460 2219 3511 Suetonium.

1654 3537 1903 3600 Claudius]
1986 3536 2277 3600 scripserat
2330 3536 2452 3585 Tac.
2508 3534 2645 3587 forte

1585 3615 1779 3664 Claudii
1795 3615 2008 3677 liberius,
2026 3613 2108 3662 vel
2128 3612 2356 3661 Claudius
2374 3613 2645 3665 Narcissus.

1581 3690 1669 3739 Sic
1694 3688 1829 3738 infra
1850 3688 1937 3737 lib.
1958 3700 2085 3737 xm.
2108 3691 2122 3715 ⁶
2147 3688 2415 3737 Narcissus
2440 3689 2644 3739 Claudii

1581 3765 1835 3821 libertus!
1902 3765 2041 3815 Nam
2084 3764 2261 3815 liberti
2306 3772 2641 3828 patronorum

1585 3860 1769 3895 nomen
1820 3842 2141 3893 induebant:
2200 3856 2297 3896 nec
2340 3850 2487 3892 certe
2530 3843 2639 3904 ipse

1585 3920 1833 3971 Claudius
1854 3920 2117 3969 emradius
2136 3920 2329 3967 adversa
2364 3917 2641 3980 corripitur.

1583 3997 1721 4059 Nam
1738 3997 1812 4046 sic
1834 3996 2003 4059 potius
2012 4003 2294 4059 expectare
2317 3994 2495 4044 debuit
2509 4007 2645 4041 mor-

1585 4078 1691 4122 tem
1716 4072 1829 4135 ejus
1848 4071 2157 4135 Agrippina,
2188 4084 2304 4133 qnae
2338 4068 2509 4132 potuit
2528 4064 2649 4118 fato·-

1583 4148 1905 4211 contingere,
1928 4146 2041 4197 sine
2067 4160 2281 4209 veneno,
2300 4151 2357 4194 et
2389 4143 2528 4193 nullo
2560 4144 2647 4209 ip-
