3200 4934
452 414 505 465 J.
536 408 719 476 αὖθι]

1138 400 1347 451 Arni-A
1356 398 1483 449 mu
1494 400 1546 447 Π
1598 398 1668 447 ΙιΙ
1681 400 1742 447 Β.
1787 399 1838 447 X
1849 398 1960 447 ut.

2463 382 2638 449 1475

1444 610 1665 661 NOTAE

456 745 573 797 nius
590 760 607 805 ς
653 757 773 793 nam
794 743 983 806 innuit,
1002 742 1265 794 Neronem
1284 742 1509 794 noudum

1653 742 1729 792 At
1747 745 2000 804 perpetuo
2021 736 2296 791 SuetonIus
2312 735 2394 787 his
2411 736 2644 788 omnibns

457 819 688 884 posuisse
708 818 1019 881 lanuginem,
1034 833 1127 868 seu
1144 818 1377 880 barbam,
1394 833 1509 867 cum
1589 820 1718 869 locis
1752 818 1912 867 tradit
1951 816 2015 866 de
2051 814 2270 879 Lepida,
2304 822 2548 879 tanquam
2580 814 2648 863 de

456 892 653 943 occidit.
670 886 1009 957 Agrippinam
1030 901 1089 944 et
1112 894 1317 944 amitam
1336 894 1477 942 illam
1495 909 1511 952 ;

456 969 595 1035 quod
610 967 941 1019 falsissimum
958 982 1073 1019 esse
1096 969 1331 1020 convinci
1353 968 1511 1018 facile

458 1044 641 1107 possit.

526 1120 603 1170 At
636 1120 798 1181 dices,
829 1120 1043 1171 Tacitus
1067 1121 1333 1183 distinguit
1350 1120 1517 1171 Doni-

460 1194 581 1245 tiam
620 1202 673 1244 et
710 1195 951 1258 Lepidam.
1029 1196 1184 1245 Certe
1220 1197 1317 1244 boc
1358 1196 1520 1245 voluit

464 1270 685 1333 Lipsius,
708 1277 777 1331 „et
816 1270 1079 1321 veteribus
1128 1270 1294 1333 libris,
1336 1270 1519 1334 quibus

461 1344 702 1407 habetur,
740 1360 923 1409 nempe
958 1349 989 1396 Ι.
1016 1361 1117 1397 ιιι.
1152 1352 1233 1397 64.
1264 1348 1279 1375 ‘
1303 1347 1520 1396 Perdita

422 1466 427 1471 .
464 1421 607 1485 prius
648 1421 905 1483 Domitia,
934 1422 1132 1485 levibus
1169 1430 1223 1471 et
1262 1421 1523 1471 muliebri-

466 1494 562 1545 bus
578 1494 775 1555 causis:
800 1495 875 1543 sic
892 1480 1070 1545 addit:
1096 1496 1361 1545 ‘Domitia
1382 1495 1412 1523 ⁸
1430 1495 1525 1543 Le-

436 1560 447 1569 ”
459 1569 625 1633 pide!
688 1571 759 1619 Et
792 1569 867 1619 sic
899 1570 1013 1619 vult
1032 1570 1352 1635 distinguere
1390 1571 1525 1619 inter

466 1646 751 1707 Domitius,
766 1660 884 1709 quse
904 1646 977 1695 sit
998 1646 1231 1695 Domitia
1253 1646 1436 1709 major,
1468 1652 1525 1696 et

468 1724 775 1787 simpliciter
788 1724 1007 1774 Domitia
1031 1732 1277 1783 vocetur-3
1313 1732 1368 1773 et
1390 1724 1528 1773 inter

472 1800 744 1849 Domitiam
760 1800 1007 1864 Lepidam,
1031 1813 1146 1865 quae
1167 1800 1235 1849 sit
1258 1800 1441 1859 minor,
1472 1806 1530 1847 et

470 1876 676 1941 Lepida
695 1878 1118 1947 cognominetur3
1165 1876 1232 1926 ad
1254 1876 1528 1925 discrimen

472 1953 663 2003 sororis
682 1960 807 2003 natu
828 1953 1053 2016 maioris.

536 2027 641 2077 Sed
678 2027 793 2091 quis
832 2026 906 2075 illi
943 2027 1099 2088 dixit,
1135 2026 1257 2077 duas
1285 2026 1439 2076 fuisse
1460 2042 1537 2079 eo·

478 2118 621 2153 rores
662 2102 902 2163 Domitii,
924 2102 1049 2150 duas
1086 2100 1241 2151 fuisse
1263 2102 1538 2160 Domitius,-

476 2194 689 2241 quarum
715 2180 882 2227 altera
895 2176 1113 2226 Domitia
1131 2177 1451 2241 simpliciter,
1466 2178 1539 2227 al-

477 2263 593 2305 tera
616 2254 833 2303 Domitia
854 2253 1033 2316 Lepida
1054 2254 1371 2317 appelletur?
1391 2258 1537 2303 certe

478 2344 629 2381 nemo
652 2330 705 2379 id
726 2330 887 2389 dicat,
916 2343 1066 2378 nemo
1090 2328 1141 2378 id
1164 2328 1400 2379 tradidit.
1467 2330 1538 2379 Et

476 2407 685 2457 Tacitus
724 2404 918 2466 statim,
953 2406 1081 2455 hanc
1131 2420 1281 2469 quam
1320 2404 1535 2469 periisse

478 2488 777 2547 supponunt
822 2481 859 2530 1.
898 2494 1002 2529 xn.
1038 2481 1309 2531 Domitiam
1346 2480 1537 2543 simpli·

480 2558 616 2608 citer
640 2564 821 2607 vocat:
874 2565 929 2605 et
950 2556 1040 2605 lib.
1066 2570 1189 2605 xm.
1228 2571 1343 2605 eam
1381 2556 1537 2605 ctiam

478 2648 652 2681 rursus
699 2631 963 2681 Domitiam
1017 2630 1321 2694 simpliciter
1364 2632 1541 2695 appel-

481 2708 577 2757 lat.

550 2782 708 2832 Certe
737 2782 851 2833 haec
884 2782 1041 2831 amita
1066 2780 1305 2843 Neronis,
1326 2781 1545 2831 Domitia

484 2858 669 2921 Lepida
688 2858 1064 2921 appellabatur,
1084 2855 1177 2906 sed
1202 2870 1314 2919 quae
1338 2870 1439 2905 una
1460 2871 1543 2905 ea-

486 2935 708 2997 demque
740 2939 879 2982 esset
914 2946 1147 2995 persona,
1184 2946 1284 2981 non
1323 2946 1443 2982 vero
1478 2930 1544 2981 ad

488 3008 766 3057 discrimen
789 3008 993 3057 sororis.
1074 3009 1188 3057 Nec
1208 3007 1262 3057 id
1285 3020 1469 3057 novum
1492 3008 1545 3057 iu

485 3082 707 3133 foeminis
729 3083 973 3133 Romanis
991 3100 1007 3143 ς
1031 3083 1107 3133 sic
1127 3084 1355 3147 Vipsania
1371 3084 1548 3147 Agrip·

482 3163 616 3223 pina,
639 3160 776 3223 prior
794 3176 923 3211 uxor
944 3160 1133 3209 Tiberii
1155 3160 1299 3211 dicta
1312 3177 1341 3221 ς.
1362 3161 1433 3209 sic
1456 3160 1546 3209 du-

490 3235 617 3299 plici
640 3236 841 3285 nomiue
875 3235 1065 3285 Valeria
1100 3236 1378 3285 Menullino
1398 3236 1550 3286 Clau·

489 3310 561 3359 dii
582 3326 597 3371 ;
637 3310 709 3357 sic
730 3308 871 3359 Liuia
898 3310 1134 3373 Drusilla,
1157 3311 1381 3375 Augusti
1402 3326 1547 3363 uxor.

554 3384 639 3435 An
664 3386 843 3435 turbat
863 3385 1157 3448 Suetonius,
1181 3388 1269 3449 qui
1306 3400 1419 3437 eam
1458 3387 1548 3436 tri-

490 3461 587 3511 bus
611 3461 735 3511 locis
760 3468 911 3510 vocat
929 3460 1123 3509 amitam
1146 3462 1390 3525 Lepidam,
1428 3462 1547 3511 dein

493 3543 681 3599 quarto
724 3536 839 3585 loco
883 3550 997 3584 eam
1044 3543 1196 3585 vocat
1244 3535 1551 3605 simpliciter

494 3609 721 3661 amitam?
760 3610 907 3676 quasi
930 3611 1003 3661 sic
1021 3610 1185 3674 primo
1206 3612 1550 3675 distingueret

496 3686 831 3753 innueretque
849 3688 1042 3738 amitam
1058 3688 1287 3752 Lepidam
1309 3684 1551 3736 afflixisse

498 3774 591 3809 suo
614 3763 905 3812 testimonio
942 3764 1221 3825 Neronem,
1244 3769 1298 3811 et
1330 3764 1407 3812 sic
1440 3776 1551 3811 eam

498 3832 747 3898 periisse;
780 3835 901 3885 dein
924 3838 1024 3886 alio
1046 3846 1298 3899 tempore,
1321 3851 1437 3887 cum
1462 3837 1553 3887 im-

499 3910 705 3973 pera‘ret
717 3908 847 3971 jam,
865 3917 921 3957 et
941 3911 1210 3961 occidisset
1230 3921 1462 3975 matrem,
1483 3914 1554 3961 al-

500 3992 665 4033 teram
698 3984 909 4045 ωιιὶὶαηι,
938 3998 1123 4048 nempe
1144 3988 1427 4047 Domitiam,
1460 3990 1557 4035 lar-

502 4058 616 4122 gius
682 4072 714 4105 a
770 4056 987 4106 medicis
1052 4061 1259 4121 purgari
1304 4062 1555 4124 jussisse;

502 4148 715 4197 eamque
739 4133 813 4182 sic
836 4132 1085 4181 occidisse
1106 4148 1327 4194 veneno,
1346 4133 1419 4182 sic
1444 4148 1567 4209 p*-

504 4208 689 4260 ricidia
710 4205 1000 4273 parricidiis
1022 4208 1387 4257 cumulantem.

1592 908 1714 954 una,
1735 907 1824 941 seu
1845 892 1998 941 unica
2022 891 2171 941 muita
2193 891 2431 940 Neronis.
2495 890 2568 939 Et
2589 889 2653 938 si-

1597 970 1711 1034 quis
1731 969 1853 1018 talia
1865 968 2098 1017 Suetonii
2111 966 2304 1029 audiet,
2319 967 2466 1016 Nero
2481 980 2658 1029 egens,

1598 1045 1828 1107 relegata
1848 1051 2032 1105 matre,
2055 1042 2194 1105 apud
2211 1042 2440 1105 Lepidam
2458 1041 2656 1090 απιίειιιιι

1598 1121 1852 1171 educatur
1870 1137 1884 1179 ;
1917 1126 1974 1170 et
1992 1134 2184 1179 rursus,
2207 1120 2346 1167 Nero
2367 1116 2658 1180 gratificans

1598 1198 1770 1257 matri,
1792 1196 2055 1245 testimonio
2075 1209 2232 1243 comm
2261 1194 2442 1249 afflioeit
2459 1193 2657 1241 amum

1599 1274 1858 1336 Lepidam5
1901 1280 1956 1322 et
1979 1286 2149 1321 rursus
2171 1273 2284 1319 haec
2305 1286 2320 1329 ς
2353 1270 2550 1318 amitam
2570 1268 2662 1318 du·

1603 1349 1722 1398 ritia
1746 1350 1845 1398 alvi
1871 1347 2143 1397 cubantem
2185 1346 2374 1408 largius
2398 1360 2429 1393 a
2449 1341 2660 1394 medicis

1604 1424 1814 1489 purgari
1843 1426 2030 1487 jussit:
2081 1424 2194 1487 quis
2215 1438 2314 1471 non
2337 1423 2510 1473 statim
2531 1420 2662 1471 infe-

1606 1510 1690 1549 rat
1711 1514 1777 1549 ex
1794 1500 1876 1548 his
1897 1500 2074 1548 verbis
2091 1498 2340 1558 Suetonii,
2362 1510 2514 1545 unam
2542 1510 2663 1545 ean·

1605 1577 1828 1639 demque
1863 1576 2072 1625 amitam
2109 1588 2220 1624 esse
2257 1573 2480 1625 Neronis
2513 1573 2666 1636 Lepi·

1606 1651 1742 1714 dam,
1757 1652 1821 1700 dc
1841 1665 1942 1715 qua
1964 1650 2238 1715 utrobique
2259 1649 2340 1698 bis
2354 1648 2483 1698 locis
2505 1646 2667 1699 tradit

1607 1726 1882 1777 Suetonius
1901 1728 1922 1775 ι’
1944 1742 2057 1776 cum
2075 1726 2380 1789 nullibi,nec
2401 1726 2500 1775 ulla
2519 1738 2664 1789 pror-

1609 1818 1692 1852 sus
1715 1802 2105 1852 circumstantia
2123 1802 2410 1863 distinguat
2434 1800 2522 1850 ille
2545 1814 2665 1849 auc·

1611 1884 1696 1927 tor
1729 1878 1865 1927 inter
1901 1878 2028 1927 duas
2067 1878 2270 1941 unitas,
2309 1882 2401 1926 eut
2446 1890 2667 1940 sorores,

1612 1968 1738 2018 quas
1760 1954 1844 2003 hic
1867 1961 2179 2017 supponunt.

1678 2030 1796 2077 Hoc
1817 2036 1962 2079 certe
1995 2030 2178 2079 ultimo
2197 2030 2314 2079 loco
2349 2030 2668 2092 distinguere

1614 2103 1816 2165 debuit,
1838 2110 1897 2153 ut
1919 2104 1970 2153 in
2011 2111 2155 2153 tauto
2179 2104 2408 2153 facinore
2432 2104 2672 2166 Neronis,

1613 2178 1660 2228 si
1681 2178 1797 2228 duae
1819 2176 2048 2240 fuerunt,
2081 2193 2316 2243 quamam
2335 2192 2400 2228 ea
2421 2180 2579 2229 amita
2597 2192 2674 2229 es-

1614 2262 1715 2318 set,
1738 2270 1856 2321 quae
1881 2255 2232 2306 occidebatur.
2299 2256 2406 2305 Dio
2428 2263 2574 2305 certe
2597 2254 2671 2303 di-

1617 2331 1692 2381 oit
1716 2330 1929 2394 periisse
1952 2336 2077 2381 tunc
2091 2332 2298 2381 amitam
2318 2346 2533 2385 veneno.
2565 2329 2672 2381 Sed

1620 2406 1686 2457 de
1721 2412 1889 2457 morte
1920 2406 2134 2457 alterius
2168 2407 2346 2470 amita,
2378 2406 2676 2455 testimonio

1619 2482 1825 2533 afflictas
1849 2489 1907 2533 et
1926 2489 2146 2547 nccatae,
2175 2490 2236 2533 ut
2269 2489 2584 2547 supponunt,
2606 2484 2680 2531 al-

1619 2564 1730 2609 tum
1752 2558 1893 2607 silet.
1958 2560 2074 2609 Nec
2102 2565 2248 2607 certe
2267 2558 2392 2607 dicit
2419 2558 2532 2620 ipse
2554 2558 2677 2605 Sue·

1617 2634 1813 2697 tonius,
1837 2642 1943 2681 tum
1965 2634 2176 2697 periisse
2192 2633 2438 2696 Lepidum,
2457 2632 2550 2681 sed
2571 2639 2680 2682 tan-

1625 2715 1734 2758 tum
1755 2705 2002 2757 afflictam
2022 2707 2313 2757 testimonio
2333 2707 2575 2756 Neronia.

1686 2782 1870 2847 Itaque
1889 2783 2008 2833 silet
2045 2783 2151 2831 Dio
2179 2782 2275 2830 boc
2314 2783 2426 2831 loco
2462 2790 2518 2829 et
2547 2787 2679 2839 ,tem-

1625 2873 1750 2923 pore
1771 2857 2001 2907 historiae
2024 2856 2057 2905 1.
2081 2869 2182 2906 ιιι.
2204 2871 2220 2915 3
2253 2854 2378 2904 licet
2400 2852 2538 2903 infra
2557 2858 2679 2904 ami·

1623 2942 1728 2984 tam
1753 2932 1978 2984 Neronis
1999 2945 2195 2981 veneno
2232 2932 2487 2980 sublatam
2521 2930 2682 2982 dicat.

1625 3010 1697 3058 Et
1716 3009 1924 3057 Tacitus
1965 3008 2077 3071 ipse
2115 3006 2246 3055 dicit
2267 3011 2488 3069 tantum,
2527 3006 2574 3055 ei
2613 3008 2684 3055 ia·

1625 3076 1801 3135 διἀαηι
1833 3088 2045 3146 morem,
2079 3081 2172 3133 sed
2208 3082 2514 3131 adversante
2551 3074 2683 3132 Nar-

1628 3156 1790 3219 cisso;
1829 3156 2166 3207 undeinfcrri
2188 3163 2335 3207 certo
2358 3158 2531 3219 possit,
2551 3172 2685 3207 mor·

1629 3240 1859 3283 temnon
1883 3234 1932 3282 ei
1955 3247 2069 3282 esse
2091 3232 2317 3291 illatam5
2366 3244 2536 3295 neque
2559 3232 2688 3279 Sue·

1631 3308 1802 3357 tonius
1823 3308 1933 3371 ipse
1956 3306 2087 3355 dicit
2111 3312 2216 3355 tum
2240 3312 2476 3354 necatam
2498 3322 2512 3365 3
2563 3320 2690 3368 crgo

1630 3398 1694 3432 ea
1731 3384 1844 3447 ipsa
1878 3391 1960 3431 est
1996 3396 2110 3446 que
2151 3382 2277 3448 vjyit
2309 3382 2408 3430 boc
2443 3381 2556 3431 loco
2593 3380 2688 3431 lib.

1630 3471 1759 3509 xm.

1695 3533 1972 3597 Pn‘aecipua
1997 3534 2212 3597 quaestio
2235 3540 2337 3596 est,
2359 3549 2422 3583 an
2445 3532 2574 3583 duas
2593 3532 2694 3584 Do-

1631 3608 1792 3658 mitius
1813 3607 2132 3670 distinxerit,
2155 3617 2246 3657 aut
2267 3607 2582 3672 distinguere
2607 3624 2694 3657 vo·

1633 3685 1789 3735 luerit
1809 3684 2046 3745 Tacitus,
2083 3698 2198 3734 cum
2236 3685 2442 3733 amitam
2467 3684 2693 3734 Neronis

1633 3762 1667 3815 1.
1692 3772 1798 3809 ιιι.
1831 3759 2097 3809 Domitiam
2118 3760 2346 3821 Lepidam
2368 3760 2616 3824 appellat,
2639 3766 2694 3809 et

1632 3851 1749 3886 cum
1774 3850 1948 3885 rursus
1968 3836 2166 3884 ωηὲιωηι
2183 3836 2408 3885 Neronis
2445 3834 2577 3897 (sive
2609 3849 2694 3881 ea-

1634 3910 1770 3969 dem,
1803 3911 1914 3961 sive
1954 3912 2147 3974 duplex
2171 3909 2331 3959 fuerit
2353 3911 2510 3959 amita
2533 3910 2698 3959 Nero-

1637 3986 1739 4050 nis)
1773 3986 2037 4035 Domitium
2059 3985 2290 4049 appellat
2327 3982 2626 4046 simpliciter
2658 3982 2696 4034 1.

1637 4074 1763 4110 xm.

1701 4138 1802 4185 Sed
1815 4138 1926 4186 haec
1937 4136 2308 4196 distincti0‚seu
2319 4134 2510 4196 duplex
2524 4134 2699 4197 appel-

1640 4210 1766 4259 latio
1783 4212 1836 4259 in
1857 4211 2060 4261 irritum
2083 4210 2244 4273 cadit,
2267 4210 2386 4273 quia
2405 4208 2479 4259 sic
2503 4209 2700 4273 duplici
