3200 4934
575 359 747 431 1200

1286 372 1353 428 o·
1400 371 1760 428 com-iamt
1807 369 2060 428 'morri

2449 385 2542 452 [A.
2561 388 2635 438 n.
2661 391 2783 440 sos.

1572 570 1622 620 N
1633 570 1787 619 0¹1*AE

646 713 761 764 Hoc
804 715 943 764 idem
983 715 1254 777 imperium
1301 715 1519 778 rogabat
1557 715 1641 764 Ci-
1721 715 1900 778 Epiro,
1935 714 2162 777 Graecis,
2194 715 2524 776 Macedonia,
2565 717 2788 782 aliisque

580 803 701 839 cero
724 791 900 838 Cassio
923 791 1149 853 Philipp.
1175 805 1237 839 ιι.
1272 789 1289 818 ‘
1313 793 1387 840 Ut
1411 791 1642 855 quicum-

580 879 683 930 que
708 866 760 914 in
784 866 1096 929 provinciam
1118 868 1251 929 ejus,
1282 867 1405 916 belli
1430 867 1643 930 gerendi

582 955 758 1004 causa,
780 942 1067 1002 advenerit,
1092 943 1161 991 ibi
1186 944 1347 1005 majus
1374 943 1644 1006 imperium

586 1017 647 1068 C.
672 1018 835 1068 Cassii
854 1017 941 1079 sit,
964 1033 1117 1080 quarn
1142 1019 1251 1080 ejus
1276 1020 1393 1078 erit,
1412 1019 1499 1082 qui
1534 1033 1648 1067 eam

582 1093 898 1157 provinciam
944 1101 1067 1142 tunc
1112 1093 1388 1156 obtinebit,
1430 1109 1545 1143 curn
1586 1095 1646 1143 C.

586 1167 793 1217 Cassius
809 1168 860 1216 in
883 1183 995 1217 eam
1023 1171 1341 1230 provinciam
1360 1169 1602 1218 venerit?

646 1243 769 1292 Tale
810 1244 1081 1306 imperium
1124 1247 1487 1306 proconsulare
1517 1245 1648 1294 Ger-

586 1319 788 1369 manico
806 1319 1054 1380 delatum,
1070 1322 1192 1370 Tac.
1216 1321 1250 1369 l.
1274 1335 1341 1369 ιι.
1358 1323 1409 1369 in
1429 1320 1650 1369 Oriente

584 1401 643 1444 et
665 1397 681 1422 ‘
706 1396 987 1457 provinciis
1026 1405 1138 1459 q‘uae
1164 1399 1289 1446 mari
1312 1397 1648 1459 dividuntur,’

582 1471 851 1534 majusque
872 1470 1139 1534 imperium
1164 1486 1485 1537 quocumque
1517 1471 1650 1520 adis-

588 1552 685 1609 set,
723 1562 877 1611 quam
915 1547 995 1610 iis,
1026 1553 1039 1576 ⁸
1062 1549 1149 1612 qui
1185 1555 1344 1608 sorte,
1370 1554 1462 1597 aut
1494 1549 1652 1597 missu

586 1623 835 1686 principis
858 1623 1194 1673 obtinerent.'
1249 1625 1363 1673 Nec
1384 1624 1653 1673 Germani-

587 1714 680 1748 cus
700 1699 841 1748 inter
864 1701 1028 1762 Syriae
1060 1702 1409 1764 proconsules,
1433 1715 1522 1749 seu
1545 1715 1653 1749 rec-

588 1781 745 1838 tores,
756 1775 911 1824 immo
923 1791 1077 1838 supra
1090 1776 1245 1839 ipsos,
1256 1783 1313 1824 et
1328 1784 1435 1825 tum
1452 1778 1511 1826 C.
1528 1777 1651 1825 Piso

591 1850 791 1913 Syriam
816 1851 1053 1912 regebat.

646 1925 814 1992 ‘Nunc
836 1925 1036 1975 Neroni
1058 1926 1298 1976 concedit
1314 1927 1578 1989 Claudius,
1600 1935 1660 1977 ut

599 2001 615 2028 ‘
632 2003 1001 2065 proconsulare
1026 2003 1293 2066 imperium
1312 2011 1463 2053 extra
1478 2005 1656 2054 urbem

590 2076 839 2126 baberet-³
880 2078 986 2127 Sed
1000 2079 1126 2128 illud
1144 2078 1301 2128 decus
1318 2080 1577 2130 diversum
1592 2081 1657 2131 ab

592 2150 739 2214 aliis;
786 2167 901 2201 nam
950 2154 1075 2202 Caio
1122 2154 1345 2219 Augusti
1388 2157 1511 2218 filio,
1566 2165 1658 2207 aut

596 2228 907 2277 Germanico
944 2229 1071 2278 illud
1098 2230 1189 2292 jus
1214 2244 1519 2280 concessum
1542 2239 1657 2281 tan-

595 2311 707 2353 tum
744 2303 798 2351 in
844 2305 1125 2366 provinciis
1162 2305 1413 2365 Orientis,
1450 2313 1506 2356 et
1543 2323 1657 2371 qum

594 2379 727 2430 mari
764 2380 1081 2442 dividuntur,
1120 2388 1176 2429 et
1213 2383 1507 2443 limitatum,
1558 2399 1658 2434 nec

596 2461 903 2518 perpetuum
927 2454 1040 2518 fuit,
1062 2463 1116 2502 ut
1142 2458 1533 2518 proconsulatus
1558 2458 1657 2509 iste

596 2530 844 2582 Neronis.
1575 2567 1597 2588 .·

660 2605 737 2656 At
790 2614 972 2672 postea
1022 2609 1258 2671 invaluit,
1312 2615 1371 2658 ut
1426 2610 1660 2673 daretur,

598 2683 1029 2748 quemadmodum
1050 2701 1187 2736 nunc
1214 2687 1433 2748 Neroni,
1454 2702 1659 2738 succes-

598 2759 800 2809 soribus
823 2761 1056 2810 omnibus
1092 2762 1383 2811 destinatis.
1452 2764 1663 2826 Capito-

599 2835 690 2886 lin.
722 2841 773 2885 6.
800 2837 865 2886 de
894 2837 970 2886 M.
996 2837 1212 2886 Aurelio
1236 2839 1478 2888 Caesare:
1512 2843 1526 2867 ‘
1551 2839 1666 2888 Tri..

598 2912 809 2962 banicia
828 2921 1091 2975 potestate
1116 2913 1336 2964 donatus
1370 2921 1468 2976 est,
1506 2922 1680 2979 atque·

600 2989 817 3051 imperio
837 2996 989 3038 extra
1009 2989 1201 3039 Urbem
1222 2991 1615 3051 proconsulari!

668 3062 733 3110 ld
770 3071 870 3124 est,
910 3066 1275 3126 amplissimum
1296 3066 1477 3115 babuit
1506 3067 1666 3129 irnpe-

600 3137 735 3186 rinm
750 3143 902 3186 extra
922 3138 1217 3200 pomoerinm
1238 3139 1417 3200 Urbis,
1434 3141 1486 3189 in
1507 3143 1667 3191 omni-

601 3213 699 3264 bus
749 3212 1050 3277 provinciis,
1090 3213 1145 3263 in
1186 3215 1298 3278 ipsa
1342 3216 1514 3275 Italia,
1564 3231 1666 3266 non

598 3296 776 3352 autem
798 3290 865 3341 ad
906 3299 1055 3341 certa
1094 3293 1469 3354 provinciarum
1494 3295 1668 3355 spatia

600 3368 879 3418 limitatum
922 3375 979 3417 et
1016 3377 1291 3428 arctatum,
1328 3371 1480 3434 quale
1517 3371 1668 3420 Potn-

602 3444 744 3508 peio,
764 3452 853 3494 ant
871 3444 1203 3507 Germanico,
1219 3455 1311 3496 aut
1332 3449 1486 3496 etiam
1504 3449 1670 3496 Vitel-

604 3520 675 3570 lio
692 3519 768 3586 (si
805 3535 928 3570 vere
963 3521 1045 3568 bic
1076 3521 1300 3583 babuit),
1334 3535 1486 3584 quem
1518 3523 1672 3570 Tibe-

604 3597 711 3645 rius
731 3597 747 3624 ‘
762 3597 985 3655 cunctis,
1002 3611 1117 3660 quae
1136 3595 1273 3656 apud
1295 3597 1563 3646 Orientem
1583 3613 1673 3662 pa-

606 3671 873 3730 rabantur,
899 3670 1177 3733 pra-fecit!
1223 3671 1350 3719 Tac.
1374 3672 1411 3720 l.
1436 3687 1510 3723 vt.

674 3745 788 3794 Nec
804 3747 1093 3805 comparari
1118 3745 1273 3794 debet
1299 3746 1538 3798 Vitellius
1554 3763 1672 3798 cum

610 3823 925 3874 Germ-mco
950 3829 1005 3869 et
1028 3823 1333 3871 (lu-saribus.
1387 3824 1567 3874 Latius
1586 3841 1676 3888 pa·

608 3899 758 3951 tebet
790 3905 1022 3961 potestas
1046 3897 1362 3959 Gvrmanwi,
1396 3915 1577 3962 nempe
1621 3902 1672 3950 in

606 3990 783 4026 omnes
806 3974 1097 4038 provincias
1122 3976 1504 4035 transmarinas,
1520 3985 1573 4025 at
1590 3978 1673 4026 vi·

610 4051 785 4100 tellina
808 4057 1011 4098 tanturn
1035 4049 1085 4096 iu
1110 4049 1287 4112 aiiqua
1312 4061 1461 4111 parte
1486 4053 1673 4102 Orien-

610 4125 681 4176 tis
706 4127 953 4188 pollebat.
1322 4153 1325 4156 ·

676 4202 1019 4252 Germanicus
1060 4201 1217 4252 etiam
1238 4185 1606 4269 prepollebat
1623 4204 1675 4254 in

1723 792 1861 838 ultra
1901 790 2226 839 Adriaticum
2284 805 2428 840 mare
2479 791 2785 854 provinciis.

1727 865 1864 913 Hinc
1880 865 2138 914 Graecium
2162 866 2522 926 pertransiens,
2546 873 2604 915 et
2619 865 2787 916 Athe-

1725 940 1802 989 nis
1833 955 1922 989 uno
1953 935 2115 990 lictore
2145 943 2404 1002 utebatur,
2440 957 2555 990 cum
2595 948 2680 992 12.
2705 943 2786 992 uti

1728 1025 1918 1080 posset,
1939 1025 1996 1066 et
2019 1018 2308 1079 provincias
2329 1017 2442 1066 illas
2466 1019 2667 1067 nitentis
2686 1033 2790 1068 cer·-

1729 1092 2148 1152 tamiaibusfems
2167 1093 2422 1157 refovebat,
2447 1109 2544 1157 pro
2565 1095 2790 1158 imperio

1729 1169 2097 1230 proconsulari.

1792 1244 1938 1293 Idem
1962 1253 2014 1292 et
2043 1244 2174 1294 fecit
2196 1245 2247 1294 in
2271 1245 2516 1312 AEgypto‚
2550 1261 2669 1296 cum
2709 1253 2792 1298 ta·

1727 1334 1842 1367 men
1871 1320 1959 1382 jus
1995 1321 2222 1369 intrandi
2246 1336 2348 1370 non
2371 1322 2604 1384 haberet,
2623 1337 2792 1387 qnare

1732 1394 1901 1456 potius
1928 1393 2085 1457 forte,
2108 1403 2166 1445 ut
2183 1398 2376 1456 caessr,
2399 1403 2456 1445 et
2475 1411 2542 1446 ex
2563 1411 2713 1461 aequo
2736 1405 2794 1449 et

1731 1468 1866 1518 bono
1887 1485 1970 1518 res
1991 1471 2061 1521 ibi
2085 1471 2376 1536 ordinabat,
2396 1486 2546 1537 qnam
2569 1487 2666 1536 pro
2701 1488 2794 1537 po·-

1732 1550 1957 1605 testate3
1991 1547 2129 1611 quod
2150 1548 2306 1597 etiam
2329 1563 2430 1598 non
2447 1564 2597 1613 atquo
2618 1550 2795 1599 animo

1732 1623 1851 1670 tulit
1873 1625 2112 1687 suspicax
2135 1639 2290 1674 senex
2309 1633 2366 1676 et
2381 1627 2587 1690 imperii
2607 1627 2794 1678 anxius

1729 1697 1988 1749 Tiberius.
2237 1733 2249 1746 .

1798 1775 1932 1836 Nec,
1965 1782 2024 1824 ut
2058 1781 2204 1838 puto,
2219 1776 2460 1826 Vitellius
2481 1777 2667 1828 habuit
2681 1792 2796 1840 pro·

1730 1851 1964 1898 consulare
1977 1851 2227 1914 imperium
2245 1853 2472 1916 proprie,
2481 1853 2574 1902 sed
2589 1861 2793 1904 tantum

1737 1924 1790 1974 in
1813 1925 1924 1988 ejus
1951 1932 2210 1988 potestate
2229 1943 2357 1991 opes
2375 1936 2430 1978 et
2447 1929 2612 1993 copias
2631 1929 2797 1980 orien-

1739 2000 1825 2060 tis,
1847 2003 1964 2064 quia
1989 2002 2294 2065 imperatum
2313 2006 2518 2068 regibus
2539 2013 2596 2056 et
2615 2006 2797 2056 civita-

1739 2076 1897 2140 tibus,
1919 2085 1976 2127 ut
2013 2079 2114 2142 ipsi
2151 2080 2578 2146 obsequerentur,
2609 2091 2798 2147 sponte

1737 2161 1793 2202 et
1821 2155 1972 2218 jussu
2008 2155 2167 2218 ipsius
2201 2155 2442 2218 caesaris,
2477 2172 2580 2207 nou
2621 2165 2798 2208 autem

1736 2229 1873 2293 quod
1899 2244 1994 2292 pro
2023 2231 2148 2294 jure
2169 2234 2522 2295 proconsulari
2556 2235 2680 2298 ipsis
2709 2235 2805 2283 in·

1737 2314 1947 2368 peraret
1966 2307 2231 2358 Vitellius.
2298 2310 2474 2358 Caesar
2513 2309 2804 2374 imperave-

1740 2388 1821 2430 rat
1842 2381 2047 2444 regibus
2077 2389 2132 2431 et
2153 2384 2359 2448 legatis,
2385 2388 2445 2434 ut
2467 2385 2632 2449 ipsum
2647 2386 2798 2449 juva·

1741 2463 1858 2506 rent
1881 2471 1974 2520 pro
1991 2458 2213 2519 viribus,
2241 2474 2407 2523 neque
2427 2461 2560 2510 tanti
2577 2475 2805 2511 momen-

1737 2531 1778 2578 ti
1808 2531 2242 2582 circumstantiam
2265 2535 2402 2602 illam
2428 2535 2690 2586 siluissent
2701 2536 2808 2585 Ta·

1737 2608 1896 2668 citus,
1919 2609 2038 2671 Dio,
2059 2614 2150 2658 aut
2169 2610 2467 2660 Suetonius.

1803 2686 1891 2734 Sic
1933 2699 2102 2749 neque
2137 2686 2370 2735 Corbulo
2411 2702 2528 2735 mox
2569 2693 2808 2750 tempore

1746 2760 1987 2823 Neronis,
2024 2761 2204 2808 habuit
2248 2763 2610 2824 proconsulare
2643 2762 2810 2825 impe-

1743 2835 1870 2884 rium
1891 2837 2118 2900 proprie,
2129 2837 2226 2885 sed
2236 2845 2322 2886 tan
2329 2845 2436 2886 tum
2459 2838 2812 2901 imperabatur

1743 2927 1774 2962 a
1797 2913 2004 2962 Caesare
2037 2913 2191 2962 sociis
2225 2914 2430 2977 populis
2475 2912 2808 2979 regibusque,

1743 2994 1805 3037 ut
1842 2989 1956 3052 ejus
1995 2989 2252 3038 mandatis
2291 2989 2580 3041 obedirent.
2645 2989 2807 3040 Certe

1747 3065 1836 3114 illa
1869 3073 2098 3127 potestas
2137 3064 2239 3115 fuit
2273 3066 2594 3130 aliquatenus
2627 3065 2696 3113 ad
2733 3065 2814 3114 in-

1748 3147 1856 3190 star
1895 3143 2236 3205 procoma-is
2283 3143 2492 3205 inperii,
2533 3149 2589 3191 et
2629 3140 2814 3193 habuit

1745 3217 2018 3278 imaginem
2051 3217 2206 3279 hujus
2239 3218 2536 3280 potestatis,
2565 3217 2658 3266 sed
2682 3217 2814 3266 iicet

1747 3292 2030 3341 auctoritas
2049 3289 2160 3341 fere
2177 3293 2356 3342 eadem
2373 3294 2813 3356 circumdaretur3

1751 3372 1984 3416 attamen
2007 3381 2194 3416 nomen
2217 3367 2386 3418 abfuit
2409 3377 2462 3418 et
2485 3370 2660 3420 decus.

1815 3439 1889 3490 At
1937 3449 2082 3492 certe
2131 3441 2597 3494 extraordinarium
2649 3443 2815 3508 impe-

1752 3517 1902 3578 rium,
1919 3518 2057 3581 quod
2091 3518 2246 3567 datur
2271 3520 2482 3580 Coesari,
2513 3527 2566 3568 et
2607 3534 2698 3583 spo
2725 3535 2815 3570 vo-

1755 3595 1924 3659 tisque
1941 3597 2047 3657 jam
2071 3595 2330 3644 destinato
2354 3598 2661 3655 successori,
2679 3601 2738 3644 et
2759 3595 2813 3644 in

1755 3685 1810 3718 re
1853 3670 2172 3729 gravissima,
2216 3671 2532 3720 tribueretur
2575 3686 2710 3720 novo
2755 3677 2816 3719 et

1753 3745 1966 3808 ignobili
1991 3745 2222 3806 Vitellio,
2239 3747 2328 3809 qui
2349 3746 2536 3794 nullius
2559 3745 2710 3795 inmas
2735 3747 2816 3795 vel

1753 3819 2099 3879 auctoritatis,
2123 3827 2214 3868 aut
2246 3831 2388 3869 certe
2423 3821 2640 3872 m0di‹·oe
2673 3821 2815 3884 apud

1753 3895 2000 3958 legiones,
2041 3902 2095 3944 et
2141 3897 2280 3958 apud
2321 3897 2504 3954 socios,
2527 3911 2612 3945 aur
2655 3898 2814 3946 etiam

1755 3973 1890 4034 apud
1917 3972 2108 4028 hostes,
2125 3971 2214 4034 qui
2233 3973 2370 4020 osuini
2395 3975 2546 4020 modo
2575 3973 2817 4020 tereban-

1757 4056 1840 4097 tur
1863 4049 2226 4098 Germanicum
2251 4061 2300 4098 et
2337 4054 2408 4100 Ca
2425 4067 2585 4110 sares,
2605 4057 2664 4100 et
2697 4063 2816 4100 cum

1753 4124 1832 4173 bis
1853 4123 2056 4174 facilius
2083 4127 2453 4190 transigebant.

1821 4199 2014 4252 Primis
2049 4201 2340 4254 Cesaribus
2373 4217 2546 4254 rerum
2571 4200 2817 4268 potienti-
