3200 4934
393 378 450 433 J.
471 379 533 429 c.
557 378 666 443 ει]

1136 372 1423 423 Annam
1439 374 1545 423 UH
1604 374 1751 429 Lm.
1799 376 1943 425 XH-

2419 364 2586 431 1261

1379 576 1592 627 No'rAE

398 712 514 775 bus,
549 713 782 777 quamvis
801 712 1070 775 imperium
1093 713 1456 776 proconsulare

399 787 694 838 deferretur
733 796 788 838 et
825 790 951 852 ipsis
994 796 1050 838 et
1087 790 1452 852 imperatorum

396 861 532 921 filiis,
555 871 726 913 tamen
765 878 1012 928 nusquam
1034 864 1084 912 id
1109 864 1297 927 legitur
1317 864 1455 911 inter

401 938 581 988 titulos
603 952 778 989 eorum
819 940 871 988 in
911 940 1172 989 veteribus
1195 940 1453 1002 inscripti-

400 1015 598 1075 onibus,
613 1015 708 1063 nisi
731 1014 870 1065 forte
895 1024 1010 1079 post
1027 1028 1188 1064 reruni
1209 1014 1450 1074 Neronis3

401 1088 526 1138 lieet
553 1090 640 1139 alii
665 1091 880 1141 honores
913 1097 968 1141 et
1001 1090 1134 1140 tituli
1158 1090 1280 1153 ipsis
1304 1104 1454 1139 accu-

399 1165 674 1215 mulentur.

465 1240 742 1305 Principes
763 1242 860 1306 ipsi
884 1256 985 1293 non
1009 1242 1326 1291 renovabant
1363 1242 1455 1291 i·-

401 1318 600 1381 perium
623 1320 988 1381 proconsulare
1017 1324 1132 1383 post
1152 1318 1348 1383 aliquot
1369 1332 1456 1367 an-

403 1406 512 1455 nos,
548 1402 606 1443 ut
627 1394 956 1443 tribuniciam
983 1400 1315 1456 potestatem,
1337 1394 1456 1457 quia

402 1468 532 1517 illud
554 1469 857 1519 obtinebant
879 1478 1192 1534 perpetuum
1231 1470 1368 1527 intra
1402 1480 1456 1519 et

401 1552 552 1593 extra
575 1546 874 1609 pomoerium
897 1548 1070 1595 Urbis.

465 1622 520 1670 Si
555 1623 672 1685 quis
707 1622 934 1671 nondum
971 1622 1208 1684 princeps
1245 1620 1462 1669 baberet

405 1699 766 1760 proconsulare
790 1698 1054 1761 imperium
1079 1706 1226 1749 extra
1245 1696 1459 1758 Urbem,

406 1781 461 1824 et
498 1775 646 1823 simul
671 1774 995 1824 tribuniciam
1037 1780 1368 1837 potestatem,
1403 1780 1462 1823 ut

403 1849 582 1899 babuit
625 1850 968 1899 verisimiliter
1013 1850 1268 1912 Agrippa,
1305 1858 1362 1897 nt
1402 1858 1459 1898 et

405 1926 659 1990 Tiberius,
713 1934 860 1976 certe
907 1935 1014 1977 tum
1060 1926 1330 1975 videbatur
1373 1926 1457 1973 ha·

407 2000 528 2051 bere
563 2010 876 2065 potestatem
915 2004 1050 2051 iutra
1087 2008 1142 2051 et
1181 2010 1334 2051 extra
1361 2002 1460 2050 Ur-

407 2077 666 2139 bem,fere
689 2078 939 2142 aeqnalem
965 2076 1203 2139 principi.

471 2150 552 2201 Ac
579 2162 748 2205 tamen
767 2152 1012 2199 Tiberius
1033 2164 1134 2199 non
1155 2150 1333 2199 habuit
1351 2166 1464 2213 pro·

406 2229 674 2278 consulare
727 2228 996 2291 imperium
1051 2234 1200 2276 extra
1245 2228 1462 2287 Urbem,

406 2303 504 2351 nisi
525 2302 790 2351 definitum
829 2311 883 2353 et
907 2310 1177 2362 arctatum,
1203 2318 1388 2365 nempe
1411 2303 1460 2350 in

407 2379 564 2426 certis
597 2378 889 2441 provinciis,
911 2394 1012 2427 non
1047 2380 1198 2427 ultra.
1269 2379 1341 2427 Ut
1363 2394 1460 2429 nec

409 2461 462 2501 et
497 2453 606 2516 ipse
640 2454 793 2503 Caius
825 2454 957 2503 filius
983 2454 1224 2518 Augusti,
1257 2470 1464 2519 compo·

407 2531 577 2580 nendo
599 2532 806 2581 OrEcnti
838 2533 1143 2597 praepositus
1176 2534 1334 2593 olim3
1368 2548 1466 2583 nec

409 2608 748 2667 Germanicus
771 2610 881 2671 ipse
914 2610 966 2656 in
991 2609 1128 2657 idem
1167 2610 1350 2657 missus
1371 2609 1465 2657 sub

405 2684 630 2733 Tiberio.

473 2759 658 2823 Itaque
681 2760 756 2808 sic
793 2760 1156 2822 proconsulare
1193 2758 1463 2823 imperinm

407 2842 560 2883 extra
599 2836 794 2884 Urbem
835 2835 1146 2883 illimitatum
1185 2842 1242 2883 et
1280 2848 1466 2896 perpe-

409 2917 550 2958 tuum
596 2924 894 2957 concessum
940 2909 1040 2958 fuit
1079 2912 1328 2960 hacteuus
1373 2910 1466 2965 soli

411 2985 629 3043 Neroni,
672 2986 868 3032 artibus
912 2998 1098 3047 nempe
1147 2984 1466 3046 Agrippinae,

409 3061 484 3109 sic
503 3060 644 3108 illurn
663 3060 998 3123 pra-parantis
1019 3074 1213 3109 summo
1231 3057 1466 3121 fastigio;

408 3136 498 3185 sed
518 3137 590 3185 ita
609 3144 796 3196 tamen,
813 3130 878 3184 ut'
889 3134 1030 3184 Nero
1051 3141 1158 3182 tum
1177 3134 1314 3182 nulla
1332 3134 1468 3183 belia

411 3212 648 3275 gesserit,
701 3218 755 3259 et
801 3212 937 3259 intra
981 3210 1161 3260 urbem
1205 3210 1468 3259 manserit.

409 3286 706 3335 Potuerunt
752 3294 924 3335 tamen
969 3288 1044 3336 sic
1079 3287 1154 3335 ini
1185 3286 1466 3349 provinciae

411 3362 730 3423 demandari,
769 3370 824 3411 et
865 3362 1000 3411 bella
1035 3363 1149 3424 ipse
1174 3376 1352 3424 gerere
1377 3377 1468 3425 po-

413 3440 532 3501 tnit,
571 3439 834 3504 praecipue
869 3438 912 3486 si
947 3440 1104 3486 semel
1147 3439 1466 3485 consulatum

412 3517 683 3579 attigisset.

477 3592 544 3640 Et
587 3591 688 3640 fuit
719 3590 810 3639 ille
850 3589 1241 3652 proconsulatus
1273 3588 1468 3635 Neroni

413 3664 486 3713 sic
509 3666 674 3724 (latus,
691 3668 900 3715 ultimus
921 3674 976 3714 et
997 3679 1264 3729 supremus
1286 3664 1474 3727 gradus

417 3739 484 3788 ad
522 3740 816 3803 imperium3
849 3748 904 3790 et
943 3742 1016 3791 sie
1051 3741 1160 3790 fere
1199 3739 1297 3789 fnit
1338 3743 1474 3803 plns-

420 3828 574 3877 quam
596 3815 870 3865 tribunicia
893 3824 1144 3878 potestas,
1177 3830 1300 3880 qum
1326 3832 1390 3864 ex
1418 3832 1473 3864 se

415 3891 638 3940 limitata
655 3892 774 3939 olim
791 3892 927 3941 intra
941 3894 1134 3943 Urbem
1149 3901 1204 3941 et
1221 3894 1287 3943 ad
1305 3894 1472 3955 proxi-

414 3980 550 4015 mum
573 3966 789 4015 milliare
809 3977 961 4017 extra
983 3969 1282 4033 pomoerium
1299 3970 1472 4030 Urbis,

419 4048 476 4091 et
508 4056 624 4105 que
663 4040 766 4089 vim
809 4042 1102 4107 prohibere,
1140 4058 1242 4091 non
1277 4044 1470 4093 inferre

417 4124 612 4182 posset.

483 4195 614 4245 Quae
638 4201 814 4245 tamen
834 4199 1064 4257 potestas
1083 4208 1202 4244 mox
1221 4194 1274 4242 in
1307 4194 1474 4245 caess·

1534 713 1677 764 ribus
1718 722 1773 764 et
1814 713 1933 764 filiis
1970 713 2284 778 principatui
2308 714 2597 779 destinatis,

1535 800 1755 840 extensa
1805 798 1885 839 est
1923 790 1987 838 ad
2041 805 2218 840 omnes
2268 792 2593 853 provincias3

1534 865 1757 929 ideoque
1801 865 1924 915 data
1962 865 2171 916 Tiberio
2216 874 2346 929 erat,
2385 874 2439 916 et
2478 880 2595 915 eam

1535 942 1691 989 etiarn
1713 941 1799 989 ille
1824 942 2008 997 Rhodi.
2030 941 2157 991 licet
2180 942 2315 1003 exul,
2336 949 2425 991 aut
2446 940 2593 1005 qnasi

1535 1018 1676 1077 exul,
1689 1016 1945 1074 exercuit,
1969 1021 2104 1065 teste
2122 1016 2335 1065 Sueton-

1597 1092 1759 1141 Initiu
1794 1092 1846 1140 in
1884 1093 2105 1155 speciem
2130 1098 2329 1141 tautum
2367 1097 2597 1145 assumta

1533 1166 1805 1215 videbatur
1826 1180 1886 1216 ea
1912 1174 2159 1230 potestas,
2186 1172 2243 1215 ut
2274 1174 2601 1219 namnetas

1533 1250 1651 1293 esser
1672 1244 1761 1308 qni
1782 1257 1893 1291 eam
1916 1244 2149 1305 haberet,
2168 1250 2225 1294 et
2246 1252 2307 1293 ut
2330 1244 2597 1308 appellan-

1535 1319 1674 1369 tibus
1694 1334 1811 1369 eum
1828 1320 2009 1383 injure
2033 1327 2267 1371 extremo
2285 1318 2425 1370 ferre
2444 1334 2595 1384 opem

1537 1402 1731 1456 posset.

1599 1470 1703 1519 Sed
1720 1471 1808 1535 qui
1832 1472 2003 1533 potuit
2024 1471 2135 1521 aliis
2154 1484 2306 1535 opem
2330 1470 2486 1533 ferre,
2510 1485 2599 1535 po-

1540 1546 1643 1595 tuit
1683 1554 1737 1595 et
1780 1548 1877 1594 vim
1904 1548 2158 1609 repellere
2198 1561 2228 1595 a
2264 1562 2341 1606 se,
2362 1554 2419 1596 et
2441 1546 2599 1596 etiarn

1541 1620 1643 1668 vim
1668 1620 1859 1670 inferre
1892 1635 1987 1683 pro
2008 1621 2176 1683 libito,
2198 1622 2240 1670 si
2263 1621 2439 1683 vellet,
2457 1626 2547 1670 aut
2568 1634 2601 1669 e

1541 1697 1744 1760 Repnb.
1768 1711 1880 1745 esse
1902 1704 2159 1747 censeret.

1604 1774 1673 1822 Et
1710 1772 1785 1819 sic
1808 1772 1907 1821 boc
1947 1786 2049 1820 uno
2075 1772 2226 1820 titulo
2260 1772 2488 1824 habuere
2511 1771 2601 1821 ‹lo-

1539 1848 1793 1897 minantes
1817 1848 1974 1897 telum
2003 1849 2141 1912 quod
2164 1862 2317 1897 uerno
2357 1848 2601 1897 retunde·-

1541 1932 1641 1986 ret,
1662 1940 1763 1989 quo
1792 1939 1846 1973 se
1881 1932 1937 1973 et
1977 1926 2105 1973 alios
2145 1931 2433 1987 tuerentur,
2472 1938 2601 1989 quos

1542 2002 1754 2063 veilent,
1804 2015 1903 2065 quo
1942 2000 2242 2049 audaciores
2298 2001 2604 2064 comprime·

1543 2084 1678 2126 rent.

1610 2152 1986 2199 Proconsulare
2026 2149 2300 2213 imperinm
2324 2164 2425 2198 non
2458 2164 2605 2198 reno·

1541 2234 1717 2276 vatum
1758 2230 1807 2275 in
1848 2227 1974 2289 ipsis
2006 2226 2323 2289 principibus
2358 2233 2476 2289 post
2498 2227 2605 2275 Ne-

1543 2306 1681 2352 ronis
1704 2318 1888 2359 aevurn,
1913 2303 2028 2365 quia
2052 2308 2359 2365 perpetuum
2382 2301 2608 2349 vindica-

1543 2394 1699 2441 vere3
1734 2379 1827 2428 sed
1862 2386 2031 2427 tamen
2058 2386 2230 2438 antea,
2254 2384 2312 2426 ut
2344 2384 2607 2441 puto,·re-

1543 2466 1785 2507 novatum
1808 2458 1857 2505 in
1888 2458 2001 2519 ipso
2026 2456 2281 2519 Augusto.

1599 2533 1847 2584 Ostendit
1860 2535 1965 2583 Dio
1978 2534 2012 2581 1.
2034 2546 2117 2581 nv.
2132 2530 2401 2582 A.U.⁷5r.
2414 2528 2607 2595 quippe

1545 2610 1745 2670 scribit,
1756 2610 2043 2672 Augustum
2057 2610 2071 2635 ‘
2087 2622 2295 2657 censum
2308 2606 2475 2669 egisse
2487 2604 2611 2653 civi-

1545 2701 1633 2735 um
1674 2686 1823 2735 Rom.
1866 2686 1951 2748 qni
1992 2686 2043 2733 in
2082 2684 2240 2732 ltalia
2276 2680 2609 2731 habitarent?

1548 2760 1628 2810 Ac
1652 2775 1717 2811 ne
1738 2760 1813 2809 uti
1852 2773 2033 2809 censor
2052 2758 2103 2806 id
2130 2758 2303 2807 facere
2324 2758 2607 2818 videretur,

1543 2836 1738 2900 (neque
1756 2835 1889 2883 enim
1908 2835 2207 2883 vocabulum
2227 2835 2451 2883 censoris
2474 2834 2611 2881 acci-

1548 2912 1740 2974 piebat,
1792 2910 1917 2965 licet
1966 2925 2077 2957 earn
2137 2914 2447 2971 potestatem
2506 2906 2608 2956 sibi

1547 2993 1824 3047 assereret,
1862 2992 1915 3034 et
1956 2984 2318 3047 praefecturam
2352 2996 2441 3031 sen
2480 2983 2610 3047 regi-

1547 3076 1663 3111 men
1687 3076 1885 3109 morum
1910 3059 2020 3109 fere
2044 3059 2139 3109 sibi
2167 3057 2496 3107 vindicabant
2520 3058 2609 3109 do·

1547 3138 1821 3198 minantes,
1844 3142 1898 3185 et
1918 3136 2077 3183 multa
2100 3134 2201 3182 alia
2224 3133 2395 3181 munia
2418 3140 2613 3195 praeter

1547 3226 1753 3261 censum
1812 3211 1999 3260 civium
2054 3210 2281 3257 habuere
2332 3206 2611 3270 Censores)

1541 3288 1869 3350 proconsulare
1910 3286 2157 3347 imperium
2188 3282 2384 3343 accepit.

1614 3364 1784 3427 Igitur
1805 3361 2067 3423 Augustus
2106 3373 2203 3415 non
2241 3358 2419 3407 habuit
2452 3358 2613 3421 impe·

1549 3439 1678 3487 rium
1736 3437 2099 3503 proconsulare
2141 3440 2472 3497 perpetuum,
2520 3434 2611 3483 sed

1549 3521 1753 3564 tanturn
1775 3514 1842 3562 ad
1869 3520 2087 3573 tempus.
2152 3509 2337 3573 Itaque
2373 3508 2498 3557 iilud
2536 3510 2615 3557 in-

1549 3602 1738 3639 novare
1758 3588 1949 3650 potuit,
1972 3592 2029 3634 et
2060 3583 2259 3645 debuit,
2282 3597 2375 3647 pro
2394 3583 2614 3633 necessi·

1557 3666 1752 3714 tatibus
1778 3663 2115 3727 Reipublicae.

1623 3738 1697 3789 At
1718 3752 1817 3787 nou
1841 3738 1913 3786 sic
1944 3752 1999 3785 se
2022 3736 2203 3784 habuit
2231 3736 2297 3784 de
2334 3735 2613 3785 tribunicia

1555 3822 1837 3879 potestate,
1860 3828 1970 3876 qum
1994 3820 2249 3875 perpetua
2270 3810 2371 3859 fuit
2402 3811 2453 3859 iu
2476 3811 2615 3873 prin-

1551 3892 1687 3953 cipe,
1706 3904 1807 3939 non
1832 3897 2004 3937 utitem
2036 3890 2084 3935 in
2111 3888 2238 3949 aliis,
2272 3894 2332 3936 nt
2355 3887 2407 3935 in
2432 3886 2613 3933 Marco

1551 3966 1789 4032 Agrippa
1810 3972 1865 4015 et
1886 3966 2117 4027 Tiberio,
2152 3964 2337 4028 quibus
2368 3974 2615 4011 concessa

1551 4056 1612 4091 ea
1659 4049 1883 4105 potestas
1931 4047 2046 4089 erat
2087 4040 2139 4088 in
2196 4035 2614 4102 quinquennium.

1551 4116 1653 4165 Illa
1670 4118 1827 4179 igitur
1850 4117 1926 4165 eis
1943 4122 2127 4179 sponte
2149 4121 2204 4162 et
2217 4113 2367 4175 jussu
2392 4112 2612 4159 Caesaris

1553 4192 1789 4241 renovari
1824 4197 1942 4255 post
1978 4190 2105 4238 illud
2148 4194 2351 4251 tempus
2378 4185 2611 4249 elapsum
