3200 4934
563 402 736 488 1'3336

1272 433 1334 480 C·
1379 424 1577 479 GOR‘N
1589 420 1745 478 131511
1790 425 2043 479 'mem

2450 432 2545 501 [Α.
2562 434 2630 490 u.
2654 435 2769 487 ουτ.

1567 646 1781 699 NOTA-2

563 784 884 849 appellamus
919 798 1009 835 eos
1045 784 1134 849 qui
1171 782 1406 849 publicos
1425 784 1625 836 reditus

561 861 812 924 colligunt
832 859 1178 927 erogantque)
1217 861 1272 911 in
1307 876 1482 911 omnes
1506 876 1626 925 pro·

559 935 776 999 vincias,
799 942 904 985 tum
928 948 1046 987 suas
1067 950 1222 1001 quam
1241 936 1438 1000 populi,
1453 937 1628 987 Goessr

561 1010 746 1074 mittit,
775 1011 1025 1076 quosdam
1063 1026 1130 1061 ex
1168 1012 1448 1078 equitibus,
1482 1026 1627 1076 quos-

561 1085 678 1136 dam
703 1100 770 1139 ex
789 1086 1030 1140 libertis!

626 1162 812 1227 Itaque
833 1178 930 1213 nec
949 1164 1170 1227 judicia,
1189 1178 1288 1215 nec
1310 1169 1432 1213 scta
1449 1178 1625 1214 eorum

561 1247 708 1288 rata:
762 1239 1038 1303 vocarique
1059 1245 1303 1303 poterant
1337 1240 1403 1289 nd
1435 1240 1629 1306 disqui-

559 1314 798 1365 sitionem
832 1314 1082 1379 principis
1100 1322 1192 1365 aut
1213 1322 1450 1365 senatusz
1503 1330 1625 1382 qno-

557 1388 698 1439 niam
721 1390 839 1455 lege
861 1390 1001 1455 apud
1022 1405 1110 1441 eos
1145 1391 1228 1456 agi
1261 1392 1348 1456 (ut
1387 1391 1453 1441 ud
1492 1406 1622 1454 rem,

557 1472 615 1515 et
658 1466 944 1516 solenniter
983 1466 1192 1533 loquar)
1235 1466 1420 1519 nefast
1482 1470 1622 1535 spud

557 1541 917 1605 magistratum
956 1544 1120 1593 solum
1163 1544 1342 1610 populi
1382 1544 1622 1608 Romani,

557 1632 722 1681 prove
754 1618 1078 1684 magistratu,
1109 1619 1247 1669 actio
1267 1620 1398 1685 legis
1418 1620 1538 1685 fuit,
1559 1628 1621 1671 ut

553 1694 815 1763 consules,
867 1700 1225 1764 proconsules,
1258 1708 1624 1765 proprium-es,

555 1775 645 1840 qui
683 1788 860 1823 omnes
900 1789 929 1822 e
970 1782 1184 1824 senatu:
1239 1774 1378 1840 apud
1421 1775 1622 1840 equites

554 1865 658 1901 non
679 1850 778 1901 fuit
801 1868 815 1913 ς
849 1852 1012 1901 multo
1035 1852 1201 1900 minus
1223 1852 1361 1917 apud
1382 1851 1621 1902 libertos.

621 1926 770 1976 Inter
803 1928 1024 1993 equites,
1059 1928 1264 1993 excipio
1302 1940 1458 1978 unum
1491 1942 1625 1990 pre-

553 2000 748 2052 fectum
771 2002 1003 2068 AEgypti,
1039 2004 1177 2068 apud
1201 2017 1374 2069 quem,
1389 2010 1450 2054 ut
1470 2004 1624 2054 Taci-

555 2084 639 2127 tus
661 2079 962 2143 notat,lege
982 2080 1067 2143 agi
1087 2080 1325 2145 permisit
1342 2076 1621 2144 Augustus,

552 2154 770 2203 decreto
789 2154 1010 2219 quodum
1029 2154 1296 2220 singulari.

617 2228 870 2279 Attamen
894 2235 1258 2293 procuratores
1293 2225 1382 2281 isti
1416 2228 1621 2294 provin·

555 2303 648 2354 ciis
670 2310 951 2369 praeerant,
994 2309 1050 2354 et
1063 2304 1154 2367 jus
1174 2317 1318 2368 saepe
1335 2305 1386 2353 in
1404 2304 1621 2355 crimine

553 2384 612 2429 et
635 2393 792 2428 causa
812 2378 998 2444 capitis
1018 2378 1278 2433 dicebant.
1312 2378 1620 2443 Exemplum

553 2456 608 2505 iu
649 2454 859 2517 Pontio,
905 2456 996 2520 qui
1034 2454 1234 2507 Judoeae
1277 2462 1618 2520 procurator3

553 2544 657 2581 non
681 2530 815 2579 enim
833 2530 922 2579 ille
943 2530 1222 2595 provinciae
1251 2530 1462 2595 proprie
1484 2544 1617 2593 prae-

553 2622 655 2670 ses,
686 2608 996 2658 sententiam
1023 2607 1143 2657 tulit
1163 2607 1230 2657 de
1253 2607 1428 2673 capite
1451 2608 1617 2658 nostri

553 2684 761 2747 capitis,
798 2684 993 2734 Christi
1027 2684 1340 2734 servatoris:
1377 2685 1619 2751 exempla

549 2759 604 2809 iu
628 2758 900 2823 Petronio,
931 2761 1184 2825 Cumano,
1219 2760 1438 2827 aliisque
1461 2760 1617 2823 vulgo

553 2833 693 2899 apud
713 2834 1016 2899 Josephum.

615 2908 865 2975 Idemque
899 2910 954 2960 in
992 2910 1152 2960 certis
1177 2910 1389 2961 minutis
1412 2913 1618 2977 provin·

550 2982 646 3034 ciis
683 2983 900 3047 fuctum,
959 2984 1145 3049 quibus
1200 2987 1440 3050 regendis
1479 2990 1618 3039 solus

549 3068 889 3125 procuratori
926 3076 1141 3125 quarum
1181 3062 1378 3125 aliquot
1405 3063 1618 3114 Tacitus

548 3136 811 3186 recensuit
833 3136 956 3185 hist.
979 3150 1019 3189 ι.
1040 3137 1056 3164 ‘
1075 3138 1213 3187 Dure
1249 3138 1619 3202 Mauretaniae,

551 3212 773 3276 Rhaetia,
810 3212 1080 3275 Noricum,
1125 3212 1364 3275 Thracia,
1395 3228 1616 3279 quaeque

549 3291 667 3343 alim
712 3289 1133 3357 procuratoribus
1164 3290 1466 3340 cohibentur
1489 3290 1520 3339 ε’
1562 3296 1620 3340 et

547 3374 744 3443 preter
765 3382 871 3430 eas,
887 3367 1088 3418 notabis
1103 3366 1315 3429 Alpium
1335 3366 1616 3417 maritima-

548 3460 661 3494 rum
686 3452 1099 3509 procuratorem,
1123 3444 1245 3493 item
1285 3444 1465 3508 Ponti,
1487 3444 1612 3509 Epi·

547 3522 614 3583 ri,
649 3521 944 3586 pluresque.
1014 3520 1148 3569 Haec
1193 3521 1333 3569 clara
1383 3520 1510 3569 satis
1554 3524 1610 3569 et

550 3602 715 3647 certa.

610 3670 698 3722 Ad
733 3672 826 3721 hos
857 3678 1225 3735 procuratores
1272 3670 1495 3735 Claudii,
1529 3686 1612 3721 me

534 3746 737 3814 judice,
771 3748 1216 3798 accommodamus
1240 3748 1488 3809 edictum,
1525 3748 1612 3811 jn-

544 3824 734 3889 bentis,
757 3833 812 3874 ut
833 3826 884 3873 in
911 3826 1183 3889 provinciis
1198 3839 1374 3874 eorum
1392 3824 1613 3873 decreta

543 3901 762 3968 proinde
785 3910 898 3951 rata
934 3902 1059 3960 sint,
1100 3916 1160 3950 ac
1204 3901 1245 3950 si
1271 3902 1380 3963 ipse
1405 3900 1613 3949 statuis·

542 3984 644 4031 set.
709 3979 844 4029 Nam
887 3978 952 4026 ud
991 3976 1172 4026 liscum
1193 3975 1352 4023 solnm
1378 3974 1420 4021 si
1445 3982 1613 4039 aptus,

545 4054 671 4121 quid
694 4054 788 4104 fiet
803 4053 1158 4105 communibus
1192 4059 1244 4101 et
1267 4052 1376 4100 lule
1399 4066 1613 4115 concep·

543 4128 614 4181 tis
650 4129 876 4181 Cornelii
909 4129 1112 4179 verbis?
1143 4129 1158 4153 ⁴
1177 4125 1404 4189 Rerum‚’
1428 4126 1615 4193 inquit,
1641 4148 1649 4156 ·

544 4206 574 4267 ι,
588 4219 621 4267 a
642 4206 1062 4269 procuratoribus
1085 4204 1191 4254 suis
1195 4204 1552 4270 judicatarum
1579 4204 1615 4255 ε’

544 4280 848 4347 pariterque
903 4278 1172 4333 indefinite
1210 4280 1402 4332 extulit
1449 4280 1611 4331 Tran-

1706 782 1911 848 quillus,
1939 782 1957 811 ⁸
1980 796 2095 847 qun
2130 786 2493 847 procuratores
2512 782 2591 833 sui
2612 782 2667 833 in
2680 782 2770 849 jn·

1706 858 1930 909 dicando
1946 858 2269 909 statuerent!

1771 933 1927 985 Adde
1946 935 2347 1000 subsequentem
2372 948 2575 985 omnem
2594 934 2770 987 Taciti

1706 1014 2029 1065 oratio-»emt
2063 1014 2285 1077 videbis,
2322 1028 2427 1063 non
2470 1014 2611 1065 uliud
2648 1030 2767 1065 eum

1705 1090 1965 1155 indignari
1987 1104 2140 1155 quum
2160 1090 2297 1156 quod
2312 1090 2610 1154 jurisdictio
2632 1104 2771 1141 com·

1705 1166 1966 1216 municata
1987 1168 2055 1215 sit
2086 1182 2205 1216 cum
2240 1166 2499 1230 equitibus
2540 1172 2593 1215 et
2613 1166 2770 1215 liber-

1706 1243 1809 1293 tis:
1846 1242 1912 1292 de
1938 1257 2043 1307 quo
2076 1242 2233 1292 toties
2265 1243 2401 1292 inter
2418 1242 2625 1291 ordines
2644 1242 2765 1292 olim

1705 1324 1965 1368 certaturn
2012 1317 2267 1368 seditione
2313 1324 2405 1366 sut
2436 1317 2591 1367 armis
2631 1324 2765 1367 erat.

1704 1392 1780 1443 At
1800 1400 2163 1459 procuratores
2185 1392 2271 1458 qui
2290 1392 2366 1449 rei
2390 1390 2629 1441 familiari
2652 1400 2765 1443 tan-

1704 1478 1813 1521 tum
1856 1471 2103 1535 impositi,
2145 1470 2234 1536 qui
2271 1470 2324 1518 in
2350 1469 2629 1535 provinciis
2651 1483 2768 1534 pro·

1701 1548 1968 1599 consulum
2011 1554 2099 1597 aut
2135 1547 2424 1612 legatorum
2470 1547 2623 1612 plane
2663 1544 2767 1611 pri-

1700 1624 1808 1673 vati
1854 1630 2021 1686 erant,
2066 1628 2122 1673 et
2164 1622 2364 1687 insigne
2397 1622 2449 1673 in
2488 1636 2575 1672 eos
2597 1636 2769 1673 exem-

1702 1701 1843 1764 plum
1868 1716 1899 1751 a
1918 1700 2126 1750 Tiberio
2160 1701 2376 1751 editum.

1764 1776 2010 1825 Tacitus:
2060 1777 2077 1803 ‘
2100 1782 2406 1840 procurator
2438 1774 2579 1825 Asiae
2614 1774 2768 1825 Luci-

1700 1850 1801 1899 lius
1866 1850 2073 1913 Capito,
2143 1856 2417 1901 accusante
2479 1850 2766 1914 provincia,

1701 1938 1908 1974 causam
1946 1921 2097 1987 dixit,
2132 1940 2319 1989 magna
2353 1940 2469 1975 cum
2505 1938 2771 1974 assevera-

1702 2000 1843 2049 tione
1865 2000 2132 2064 principis,
2166 2014 2267 2049 non
2290 2014 2347 2049 se
2358 2000 2448 2063 jus
2467 2000 2561 2049 nisi
2590 2000 2641 2047 iu
2660 2012 2769 2049 ser-

1702 2074 1825 2125 vitis
1868 2080 1925 2125 et
1958 2074 2202 2140 pecunias
2223 2074 2501 2124 familiares
2524 2072 2727 2123 dedisse
2750 2090 2766 2123 ι

1703 2152 1841 2218 quod
1864 2152 1906 2201 si
1928 2146 2033 2201 vim
2056 2152 2295 2215 pretoris
2318 2156 2635 2215 usurpasset,
2660 2164 2770 2201 ms-

1703 2229 1963 2293 nibusque
2002 2228 2219 2279 rnilitum
2248 2224 2379 2279 'usus
2415 2226 2570 2292 foret,
2591 2233 2767 2291 spreta

1704 2306 1758 2355 in
1804 2321 1865 2356 eo
1904 2304 2149 2355 mandata
2172 2320 2282 2368 suu,
2304 2304 2541 2355 audirent
2561 2304 2768 2355 socios?

1705 2382 1873 2433 Plane
1894 2396 2021 2445 ergo
2046 2381 2255 2445 privati,
2280 2388 2401 2431 tunc
2429 2381 2651 2446 quidem.

1765 2459 1900 2508 Nam
1926 2464 2107 2523 postea
2136 2456 2225 2521 jus
2259 2465 2574 2522 acceperunt
2595 2456 2661 2505 de
2680 2454 2765 2506 fis-

1700 2536 1801 2585 cali
1840 2536 2023 2584 saltem
2058 2532 2280 2598 pecunia
2309 2530 2672 2595 cognoscendi,
2704 2536 2766 2581 ut

1697 2610 1995 2675 praemouui.
2060 2608 2228 2675 quue
2248 2608 2357 2658 Dio
2378 2608 2533 2657 etism
2559 2605 2765 2670 assigni-

1696 2686 1855 2735 ficuns
1896 2685 1991 2747 ait,
2025 2683 2199 2750 οὒςγὰρ
2231 2684 2337 2745 ἐξῆν
2360 2680 2490 2734 τότε.
2558 2682 2629 2732 Hi
2648 2696 2761 2747 pos·

1697 2760 1917 2810 teriores
1946 2768 2309 2826 procuratores
2334 2760 2484 2811 multi
2506 2766 2672 2823 erunt,
2705 2765 2762 2809 et

1696 2836 1863 2899 sparsi
1927 2850 2024 2900 per
2077 2835 2367 2899 provincius
2420 2848 2629 2885 omnes:
2684 2833 2763 2885 illi

1697 2912 1967 2976 pauciores
1990 2911 2371 2977 dignioresque.

1764 2986 1865 3036 Dio
1896 2986 2143 3051 excipuas
2176 2986 2364 3036 habere
2395 2984 2758 3051 proconsulum

1698 3062 1990 3127 provincias
2010 3062 2219 3113 videtur
2236 3062 2302 3112 ab
2313 3059 2761 3110 administratione

1698 3143 2111 3202 procuratorum.
2178 3136 2346 3187 Audit
2366 3136 2504 3186 enim
2519 3134 2585 3184 ud
2600 3134 2763 3184 verbs

1696 3216 1817 3265 libri
1860 3230 1980 3265 mn.
2032 3230 2147 3281 quae
2194 3230 2384 3280 supra:
2440 3215 2579 3263 ‘non
2622 3212 2759 3263 enim

1698 3300 1822 3342 tunc
1844 3292 2010 3355 licuit,
2041 3290 2139 3340 nisi
2177 3292 2229 3339 in
2252 3298 2505 3357 quantum
2543 3301 2762 3353 procon-

1696 3368 1831 3418 sules
1856 3368 2051 3419 tributa
2072 3368 2286 3431 exigunt
2319 3367 2385 3416 ab
2428 3367 2548 3430 illis,
2576 3364 2761 3430 quibus

1694 3444 1987 3508 imperant!
2068 3444 2227 3496 Quasi
2255 3440 2588 3506 proconsules
2622 3440 2760 3489 redi-

1692 3525 1775 3569 tus
1794 3520 2101 3581 collegerint
2120 3519 2217 3582 ipsi
2236 3518 2287 3567 iu
2312 3514 2589 3581 provinciis
2620 3512 2756 3564 suist

1690 3592 1901 3643 fallacia
1940 3594 2117 3655 verba,
2170 3606 2286 3657 quoe
2334 3591 2497 3639 virum
2539 3589 2755 3639 doctum

1690 3684 1859 3734 nuper
1876 3669 2213 3732 deceperunt,
2232 3682 2334 3716 nou
2352 3678 2453 3714 me.

1756 3744 2058 3794 Planissime
2102 3744 2237 3792 enim
2292 3743 2346 3792 in
2391 3742 2757 3807 proconsulum

1692 3822 1848 3871 etlam
1887 3812 2163 3887 provinciis
2204 3825 2585 3884 procuratores.
2649 3818 2760 3868 Dio

1692 3900 1804 3963 ipse
1846 3899 2015 3961 docet,
2046 3899 2122 3947 ’Es
2152 3895 2327 3959 πάντα,
2366 3896 2552 3963 inquit,
2590 3894 2757 3957 ὅμοίως

1690 3976 1755 4023 τὰ
1776 3972 1884 4032 ἔθνη
1904 3992 1961 4023 τε
1980 3974 2147 4023 ἑαυτοῦ
2166 3974 2244 4023 καὶ
2264 3973 2327 4022 τὰ
2358 3974 2443 4023 τοῦ
2463 3972 2624 4035 δήμου.
2688 3972 2757 4022 Id

1694 4056 1794 4111 est,
1838 4051 1892 4100 in
1928 4065 2085 4099 omnes
2124 4056 2289 4113 gentes
2310 4054 2407 4098 tum
2430 4064 2534 4113 Μ
2558 4048 2758 4108 cmm-i,

1692 4142 1830 4191 quom
1882 4140 1985 4191 qua
2027 4126 2195 4191 pop-lo
2238 4124 2500 4175 attributa».
2558 4122 2757 4187 0Atqui

1692 4202 1974 4267 provincias
2013 4216 2189 4253 omnes
2238 4200 2441 4267 populi,
2478 4212 2753 4265 proconsu-

1692 4278 1797 4329 lum
1819 4276 1987 4328 fuere.
