3200 4934
509 360 774 425 ,ια-σι]
1177 336 1610 399 ·ΑΝΝΑιιΰΜ
1660 342 1809 395 ωε.
1855 344 2001 395 xn.
2515 326 2724 397 1383,

511 502 782 567 tentiam
831 498 1110 563 militum
1161 498 1391 559 secuta
1419 492 1699 557 Patrum'
1750 450 2059 557 consulta
2084 510 2106 555 ε
2143 508 2269 554 nec
2320 488 2703 555 dubitatum

511 608 614 669 est
641 601 820 685 apud
839 598 1242 683 provincias:
1315 600 1337 629 ‘
1355 593 1812 676 Coelestesque
1836 593 2135 657 honores*
2159 589 2457 654 Claudio’
2478 588 2704 655 decer-‘-

509 708 771 780 nuntur,
801 707 868 765 et
905 700 1158 765 funeris
1188 696 1475 771 solenne,
1505 693 1775 777 perinde
1805 712 1887 757 ac
1915 692 2004 757 D.
2032 691 2360 775 Auguste,
2364 699 2385 727 ⁸
2410 692 2703 757 celebra-³

517 896 815 949 Voluntatem
832 898 1037 947 militum
1053 911 1082 945 a
1113 896 1364 959 probavere
1377 896 1565 944 decreta
1578 894 1801 952 Patr-um,
1813 908 1897 941 nec
1911 896 2183 941 undarum
2196 894 2266 939 eat
2283 891 2409 952 apud
2422 876 2707 965 prouincias.

510 960 718 1026 Diviniq
723 976 788 1011 ue
817 964 1036 1011 honores
1104 960 1281 1009 iandio
1301 962 1560 1021 censentur,
1579 962 1627 1007 et
1649 957 1947 1020 exequiarum
1975 970 2143 1018 pompa
2158 960 2357 1018 pur-utar
2376 954 2496 1015 ipsi,

509 1040 566 1076 ac
583 978 718 1075 ἄνθη
706 1027 928 1087 Augusto
949 1026 1100 1087 oiim;
1131 1024 1350 1073 imitante
1369 1023 1589 1073 certatim
1605 1021 1876 1086 Agrippina
1892 1020 2291 1085 magnificentiam
2306 1018 2462 1067 Livia·
2476 1016 2702 1081 proavia.

1487 1166 1704 1217 NOTAE

512 1295 636 1345 ceps
659 1278 916 1329 natalibus
939 1280 1140 1343 imperii
1163 1281 1260 1329 sui.
1294 1278 1502 1343 Lipsius.

579 1356 736 1411 Quina
759 1358 876 1404 dena
910 1357 1132 1405 sestertia
1164 1354 1418 1417 Suetonii,
1447 1362 1568 1405 sunt

511 1429 734 1479 trecenti
757 1437 812 1479 et
833 1431 1165 1493 septuaginta
1183 1430 1406 1495 quinque
1424 1444 1568 1480 coro-

511 1504 659 1553 nati:
695 1520 785 1554 seu
830 1505 1140 1555 1125.1ibrae
1185 1512 1360 1554 nostro
1402 1520 1563 1555 more.

509 1574 580 1631 Et
617 1581 761 1644 quina
799 1582 948 1631 millia
987 1582 1313 1631 drachmarum
1351 1581 1568 1645 Josephi

507 1654 702 1706 fuerint
721 1656 989 1720 quingenti
1027 1657 1280 1719 coronati,
1299 1671 1390 1704 seu
1419 1660 1566 1705 1500.

507 1730 656 1781 libroe
677 1738 900 1794 nostre,
930 1746 1046 1797 quae
1078 1732 1328 1780 immensa
1361 1730 1566 1795 largitio

509 1806 746 1858 videntur
767 1807 818 1855 in
844 1808 1090 1871 caligatos
1113 1807 1243 1857 iilos.

572 1882 646 1932 At
669 1884 876 1933 centeni
900 1882 1110 1943 nummi,
1135 1896 1250 1945 quae
1276 1896 1442 1931 annua
1464 1881 1567 1930 iar-

509 1956 654 2021 gaio,
683 1956 876 2007 fuerint
917 1957 1018 2007 duo
1056 1957 1288 2006 coronati
1327 1963 1381 2006 et
1419 1957 1567 2005 dimi-

509 2031 642 2094 dius,
682 2046 772 2081 seu
831 2040 1031 2093 septem
1073 2032 1218 2079 librae
1264 2037 1320 2079 et
1380 2030 1564 2079 decem

510 2112 765 2169 praeterca
794 2120 934 2155 asses
957 2111 1133 2154 nostro
1155 2118 1315 2155 more.
1381 2104 1564 2152 Potius

509 2180 745 2231 standum
767 2180 1095 2241 Suetonio‚in
1116 2180 1273 2228 rebus
1297 2178 1448 2228 Rom.

574 2256 644 2305 Et
685 2258 729 2305 ai
770 2256 1058 2305 distribuis
1085 2256 1142 2304 in‘
1177 2254 1360 2303 decem
1405 2254 1566 2304 millia

507 2332 952 2397 praetorianorum,
1005 2330 1198 2380 viritim
1256 2330 1565 2396 quingentos

497 2406 793 2474 coronatos,
815 2410 1180 2474 impendentur
1200 2410 1422 2474 quinque
1457 2406 1565 2459 mii-

503 2485 664 2536 lioues
707 2492 1087 2548 coronatorum,
1127 2499 1220 2535 seu
1273 2484 1564 2548 quindecim

505 2560 754 2613 millioncs
775 2563 1040 2611 librarum.

570 2642 590 2670 Ρ
625 2638 934 2700 coelestesque
969 2636 1182 2699 hortor-ea]
1215 2634 1279 2683 Id
1320 2640 1422 2705 est,
1445 2648 1565 2684 con-

505 2718 758 2775 secretur,
787 2718 840 2762 et
861 2712 999 2762 inter
1019 2713 1162 2762 Deos
1187 2710 1479 2774 ascribitur,
1501 2717 1563 2759 ut

507 2796 631 2839 ante
650 2789 821 2840 Julius
843 2794 900 2837 et
921 2786 1209 2851 Angustus,
1229 2786 1316 2849 qui
1341 2787 1452 2850 jam
1472 2786 1562 2834 Dii

504 2863 632 2914 facti
654 2870 707 2913 et
729 2864 932 2913 odorati
963 2864 1152 2927 palam,
1184 2866 1296 2909 toto
1319 2861 1442 2911 orbe
1465 2862 1564 2911 Ro-

503 2950 674 2988 muno.

573 3015 880 3077 Coelestesqne
898 3010 1114 3075 honores]
1145 3012 1347 3062 Seneca
1377 3010 1430 3061 in
1463 3012 1562 3061 Lu-

505 3090 572 3140 do
591 3106 605 3140 ι
630 3091 647 3120 ‘
665 3090 910 3152 Cogitate
930 3090 993 3139 P.
1011 3090 1072 3139 C.
1091 3089 1242 3153 quale
1265 3094 1562 3151 portentum

505 3166 560 3215 in
579 3180 846 3216 nnmerum
863 3167 1092 3215 Deorum
1109 3179 1164 3214 se
1183 3164 1346 3227 recipi
1369 3164 1563 3227 cupiat.

504 3242 781 3305 Principes
799 3242 997 3306 pietate
1014 3247 1066 3290 et
1073 3241 1287 3305 justitia
1302 3240 1396 3289 Dii
1412 3239 1562 3289 fiunt.

503 3318 720 3369 Scilicet
748 3318 834 3368 hic
870 3318 986 3381 pius
1021 3324 1076 3367 et
1110 3317 1303 3380 justus,
1324 3316 1560 3382 quoniam

503 3394 823 3445 Druidarum
849 3394 1122 3443 immanem
1143 3394 1444 3455 religionem
1472 3391 1561 3441 ad-

503 3471 670 3533 vexit,
692 3478 918 3520 nostrum
941 3482 1156 3533 prorsus
1177 3468 1482 3531 extirpavit,
1501 3474 1562 3516 ut

505 3546 682 3596 Romoe
708 3546 1006 3609 nuptiarum
1042 3558 1188 3593 sacra
1220 3552 1417 3604 essent,
1449 3542 1559 3606 qui-

506 3616 602 3670 bus
639 3622 770 3685 ipse,
793 3636 909 3671 cum
949 3619 1049 3670 sibi
1071 3618 1365 3682 Agrippina
1401 3617 1559 3667 nube-

505 3701 608 3757 ret,
647 3696 860 3761 triginta
889 3695 1246 3756 Senatoribus,
1277 3694 1560 3743 innumeris

504 3768 764 3833 equitibus
786 3771 935 3820 Rom.
955 3770 1214 3831 mactatis,
1247 3769 1560 3833 principium

505 3844 667 3893 dedit.
733 3846 888 3894 Hunc
905 3859 1042 3895 nunc
1064 3846 1232 3893 Deum
1253 3844 1432 3894 facere
1457 3847 1561 3894 vui-

505 3918 608 3969 tis?
641 3918 815 3969 videte
853 3934 1040 3984 corpus
1077 3921 1213 3984 ejus,
1252 3922 1372 3970 Diis
1415 3922 1558 3969 iratis

449 3990 454 3995 ’
505 4000 702 4045 natum.
767 3992 853 4043 Ad
881 4008 1128 4044 sumum
1151 3996 1252 4045 tria
1271 3996 1434 4045 verba
1453 3996 1560 4046 cito

504 4070 686 4133 dicat,'
706 4073 808 4119 &c-

572 4143 1100 4225 Etliufm‘Atque
1143 4144 1220 4194 ita
1260 4160 1328 4195 ex
1366 4144 1566 4199 tabella

1650 1277 1905 1337 recitavit,
1926 1276 2214 1343 (Augustus
2250 1290 2437 1340 nempe
2455 1272 2496 1339 z)
2534 1268 2706 1326 Quaad-

1649 1352 2097 1418 doquidemDivus
2114 1353 2357 1403 Claudius
2373 1348 2570 1401 occidit
2586 1362 2709 1398 cou-

1647 1443 1877 1478 socerum
1901 1444 2048 1479 suum
2067 1428 2297 1493 Appium
2317 1426 2601 1489 Syllanam,
2618 1438 2707 1487 ge·

1646 1519 1796 1554 ueros
1834 1506 1980 1567 duos,
2002 1504 2307 1568 Pompeium
2331 1504 2577 1564 Magnum
2600 1498 2707 1549 An-

1646 1581 1805 1629 toniae
1843 1595 1907 1628 ex
1931 1581 2138 1643 Petina,
2172 1579 2233 1628 L.
2260 1579 2523 1643 syllanum
2547 1573 2705 1626 Octa'-

1646 1655 1746 1704 viae
1768 1670 1833 1705 ex
1856 1656 2179 1717 Messallina,
2197 1668 2431 1703 socerum
2454 1652 2573 1702 filtae
2596 1666 2702 1702 sun

1649 1731 1885 1779 Crassum
1905 1730 2061 1794 frugi,
2080 1730 2335 1778 hominem
2360 1735 2464 1777 tam
2486 1726 2705 1777 similem

1648 1805 1763 1867 sibi,
1782 1818 1931 1868 quam
1956 1818 2053 1853 ovo
2075 1818 2246 1865 ovum,
2264 1802 2585 1851 Scriboniam
2623 1815 2704 1851 so·-

1645 1894 1787 1929 crum
1811 1879 1931 1928 ffliae
1952 1894 2081 1940 snae,
2104 1878 2455 1927 Messaiiinam
2488 1888 2703 1926 uxorem

1644 1970 1805 2020 snam,
1844 1963 1902 2006 et
1946 1962 2171 2017 ceteros,
2206 1969 2422 2019 qnorum
2462 1961 2704 2003 numerus

1644 2031 1764 2079 iniri
1783 2046 1887 2081 uon
1906 2032 2113 2095 potuit·
2148 2031 2325 2094 Placet
2346 2028 2469 2101 mihi
2499 2030 2553 2077 in
2583 2036 2701 2079 eum

1646 2121 1828 2156 severe
1866 2106 2245 2167 animadverti3
2277 2094 2375 2154 nee
2418 2104 2496 2153 ilii
2530 2104 2702 2155 reruni

1636 2181 2037 2245 judicandarum
2060 2180 2357 2231 vacationes
2396 2179 2531 2245 dari,
2562 2188 2703 2230 eum·-

1646 2274 1744 2322 que
1768 2260 2143 2323 quamprimum
2180 2256 2468 2321 exportari,
2496 2261 2551 2306 et
2571 2255 2703 2306 coeIo

1644 2336 1783 2384 intra
1804 2335 1913 2384 dies
1938 2335 2151 2397 triginta
2175 2334 2450 2395 excedere,
2476 2332 2703 2396 Olympo

1644 2410 1779 2459 intra
1803 2410 1939 2458 diem
1965 2410 2191 2459 tertium.
2247 2408 2476 2458 Pedibus
2494 2407 2547 2456 in
2568 2408 2703 2458 hunc

1644 2488 1954 2537 seutentiam
2004 2487 2135 2535 itum
2193 2491 2292 2535 est.
2383 2486 2499 2535 Nec
2542 2499 2703 2546 mora,

1646 2562 1911 2624 Cyllenius
1954 2562 2097 2611 iilum
2136 2562 2268 2610 collo
2293 2561 2502 2610 obtorto
2542 2560 2703 2610 trahit

1646 2636 1711 2685 ad
1732 2636 1945 2699 inferos,
1966 2637 2106 2699 illuc,
2127 2637 2265 2686 unde
2298 2642 2494 2699 negant
2527 2636 2701 2686 redire

1644 2711 1971 2775 quenquam,’
1991 2714 2089 2761 &c-

1704 2793 1724 2818 ⁸
1756 2786 1885 2835 Divo
1910 2785 2147 2848 Augusto]
2193 2785 2280 2835 Sic
2322 2787 2429 2836 Dio
2471 2787 2509 2835 l.
2547 2798 2699 2835 uxr.

1642 2861 1709 2911 de
1731 2862 1972 2912 Claudio:
2012 2863 2029 2891 ‘
2052 2863 2331 2925 Sepultura
2352 2867 2408 2911 et
2430 2861 2521 2910 alii
2540 2862 2701 2911 hono-

1642 2952 1726 2987 res
1764 2938 1832 3001 ei,
1870 2936 2239 3003 quiAugusto,
2262 2953 2437 2987 omnes
2472 2938 2701 3001 contige·

1642 3019 1797 3075 rnnt3
1831 3014 2119 3079 Agrippina
2156 3022 2327 3063 antem
2362 3030 2423 3065 ac
2446 3015 2589 3065 Nero
2628 3016 2703 3065 ln·

1643 3104 1767 3153 gere
1798 3105 1854 3139 se
1874 3104 1991 3139 eum
2015 3076 2167 3155 qu‘em
2190 3098 2505 3141 necaverunt
2546 3090 2701 3141 simu-

1638 3164 1830 3229 lavere,
1842 3173 2230 3230 evexeruntque
2250 3168 2304 3215 in
2327 3168 2529 3229 coeium,
2544 3180 2701 3231 quem

1642 3255 1673 3289 e
1696 3241 1931 3290 convivio
1952 3242 2264 3291 extulerant.
2314 3242 2467 3291 Unde
2490 3243 2549 3290 L.
2573 3240 2703 3292 Julii

1644 3317 1918 3379 Gallionis,
1942 3318 2027 3381 qui
2049 3316 2219 3367 frater
2238 3316 2339 3367 fnit
2358 3318 2591 3379 Senecoe,
2613 3330 2699 3368 ur·

1642 3392 1969 3442 banisaimum
2014 3400 2163 3442 extat
2203 3394 2413 3443 dictum.
2479 3393 2699 3457 Scripsit

1640 3468 1850 3533 quidem
1888 3468 2085 3518 Seneca
2123 3469 2301 3533 etiam,
2322 3469 2508 3518 librum
2528 3469 2701 3519 ἀποκο-

1640 3542 1933 3594 λοκύντυσιν
1976 3545 2127 3594 titulo
2188 3546 2332 3609 quasi
2377 3545 2599 3609 diceres,
2630 3546 2697 3597 de

1640 3621 2033 3671 immortalitate
2055 3618 2214 3685 fungo
2237 3628 2405 3684 parta.

1704 3698 1720 3725 ⁴
1742 3696 1847 3746 Sed
1882 3696 2137 3747 Gallionis
2173 3697 2326 3760 jocus
2370 3704 2699 3759 memoratur,

1640 3774 1960 3837 paucissimis
1980 3772 2150 3822 verbis
2185 3774 2404 3837 piurima
2438 3775 2699 3837 complec-

1642 3856 1793 3910 tens;
1828 3864 1944 3899 cum
1979 3849 2115 3897 euim
2150 3864 2257 3911 eos,
2278 3850 2363 3913 qui
2404 3851 2455 3897 iu
2484 3861 2698 3899 carcere

1642 3932 1913 3987 necantur,
1928 3924 2126 3987 magnis
2149 3925 2313 3985 uncis,
2330 3924 2381 3972 in
2396 3922 2563 3971 forum
2584 3936 2699 3971 car·

1642 3999 1843 4062 nifiees,
1871 4014 1931 4049 uc
1971 3999 2091 4049 inde
2118 4000 2172 4048 in
2212 3998 2557 4061 profluentem
2580 4010 2697 4061 pro-

1640 4076 1929 4137 traherent,
1938 4090 2054 4123 ιιιισο
2074 4074 2323 4122 Claudium
2343 4074 2397 4122 in
2410 4074 2571 4121 ooelnm
2586 4088 2698 4138 mp-

1640 4157 1761 4217 tum,
1778 4151 1930 4203 dixit.
1978 4152 2167 4215 Neque
2189 4149 2315 4199 iliud
2336 4148 2579 4215 Neronis,
2594 4164 2699 4201 me·
