3200 4934
572 331 751 416 1262

1256 347 1333 396 0.
1380 346 1579 394 comt
1592 345 1747 394 Eml
1797 343 2055 392 ‘morri

2459 345 2554 412 [Α.
2572 347 2641 398 υ.
2663 345 2788 400 sos.

1580 535 1796 588 NOTAE

578 675 781 730 debuit.

642 753 965 803 Renovatum
988 753 1140 804 etiarn
1159 754 1527 819 proconsulare
1548 755 1640 802 im-

520 859 527 866 ·
576 829 775 892 perium
798 831 849 878 in
874 829 987 880 filiis
1012 831 1325 895 principum,
1348 832 1400 880 in
1424 832 1644 880 Caesari-

579 911 687 965 bus,
708 911 768 955 ut
791 905 843 954 in
867 907 1196 968 Germanico,
1236 913 1291 957 et
1326 907 1460 956 haud
1484 905 1641 954 dubie

576 989 701 1030 ante
722 981 776 1030 in
794 981 1005 1031 Tiberio
1028 982 1161 1044 ipso,
1177 983 1314 1045 quod
1339 981 1551 1044 colliges
1573 995 1640 1029 ex

575 1059 697 1107 Tac.
724 1058 756 1106 l.
776 1059 845 1106 1.‘
873 1057 1183 1105 Germanico
1207 1057 1403 1106 Caesari
1428 1071 1644 1120 procon-

575 1134 746 1184 sulare
832 1132 1103 1195 imperium
1188 1133 1398 1196 petivit,
1468 1132 1642 1196 (Tibe-

575 1205 729 1272 rius.)
752 1207 997 1272 missique
1030 1209 1187 1272 legati
1210 1209 1298 1274 qui
1336 1207 1644 1274 deferrent,'

578 1286 685 1333 &c-

641 1360 796 1410 Unde
850 1358 1045 1409 inferre
1100 1361 1276 1420 liceat,
1326 1359 1642 1411 Germanico

580 1444 688 1486 tum
725 1443 1028 1485 renovatum
1072 1437 1443 1500 proconsulare
1481 1436 1643 1500 impe-

534 1553 541 1561 .
577 1511 725 1573 rium,
769 1513 905 1576 quod
945 1525 1131 1576 nempe
1150 1513 1259 1575 jam
1282 1518 1404 1562 ante
1427 1512 1645 1563 liaberet

577 1586 671 1636 sub
697 1586 948 1651 Augusto.

644 1663 819 1712 Possit
844 1670 1017 1711 tamen
1054 1663 1303 1726 dubitari,
1336 1679 1401 1714 an
1426 1664 1643 1714 Germa-

575 1736 724 1786 nicus
761 1743 883 1786 ante
905 1737 1145 1787 habuerit
1187 1740 1291 1789 tale
1337 1739 1642 1804 imperium:

578 1827 673 1866 cur
709 1812 845 1861 enim
886 1820 1095 1876 peteret
1124 1813 1356 1876 Tiberius
1395 1830 1427 1863 a
1460 1820 1643 1864 senatu

576 1895 893 1952 potestatem
957 1889 1091 1936 hanc
1165 1902 1264 1950 pro
1318 1889 1644 1951 Germanico,

578 1963 856 2028 quamjam
878 1963 994 2027 ipse
1013 1963 1265 2012 haberet?
1299 1970 1391 2012 aut
1428 1963 1472 2011 si
1504 1963 1644 2014 forte

576 2040 757 2091 habuit
810 2042 915 2091 tale
981 2040 1271 2106 imperinm,
1323 2042 1641 2094 ordinarium

578 2121 781 2166 tantum
803 2116 920 2167 fuit.

645 2192 721 2243 At
754 2194 851 2242 hoc
890 2194 1007 2242 loco
1049 2192 1247 2255 Taciti,
1290 2192 1646 2243 extraordina-

578 2267 713 2316 rium
735 2267 893 2316 decus
931 2268 1097 2333 petit3
1130 2267 1385 2333 siquidem
1430 2273 1644 2332 paratus

579 2348 715 2404 erat,
748 2346 805 2392 et
842 2342 977 2392 idem
1003 2343 1161 2392 decus
1200 2343 1399 2394 ambire
1420 2343 1527 2392 filio
1550 2359 1644 2393 suo

579 2419 775 2480 Druso,
798 2424 858 2467 ut
876 2416 1008 2466 filios
1032 2416 1209 2466 ambos
1233 2425 1535 2482 exaequaret
1556 2419 1646 2468 ho-

580 2494 813 2544 noribus.

645 2571 717 2619 Et
757 2576 863 2618 tum
898 2569 1116 2618 maxime
1151 2568 1409 2618 demereri
1444 2585 1644 2621 summo

580 2643 753 2710 aliquo
792 2643 1047 2694 beneflcio
1072 2645 1439 2694 Germanicum
1462 2647 1645 2710 voluit,

580 2726 765 2785 utpote
804 2735 955 2786 quem
994 2728 1268 2782 metueret,
1306 2721 1452 2770 velut
1481 2722 1643 2785 impe-

580 2797 643 2847 rii
682 2799 940 2861 emulum,
981 2795 1202 2846 nondum
1241 2809 1450 2846 securus
1485 2797 1643 2860 legio·

578 2888 702 2925 num
727 2875 1149 2924 Germanicarum
1168 2877 1224 2922 et
1240 2872 1464 2936 imperii.

644 2948 892 2999 Attamen
917 2949 1194 2998 verisimile
1236 2953 1336 3009 est,
1367 2948 1481 3011 jam
1520 2954 1642 2997 ante

582 3023 676 3074 sub
721 3017 971 3086 Augusto
1000 3023 1363 3073 Germanicum
1409 3024 1645 3074 habuisse

582 3097 994 3160 proconsulatum
1044 3097 1530 3159 extraordinarium,
1586 3107 1645 3148 ut

582 3172 670 3238 qni
692 3173 895 3237 utrique
918 3172 1213 3222 Germaniae
1254 3179 1307 3222 et
1348 3173 1547 3223 duobus
1570 3175 1644 3224 ibi

580 3248 896 3297 exercitibus
918 3256 973 3297 et
995 3250 1164 3310 sociis,
1187 3249 1276 3314 qui
1302 3251 1409 3313 pari
1430 3265 1644 3302 numero

582 3337 643 3374 ac
667 3325 873 3386 robore,
896 3326 1222 3388 praesideret.

644 3401 715 3450 Et
737 3417 841 3466 qna
862 3403 1195 3464 auctoritate,
1218 3419 1318 3468 quo
1353 3403 1477 3468 jure
1510 3403 1642 3454 Ger-

578 3475 808 3525 manicus
843 3492 1025 3526 census
1058 3486 1235 3543 ageret
1262 3481 1399 3543 apttd
1425 3481 1643 3545 Gallias,

580 3552 719 3616 quod
758 3551 943 3604 fecisse
980 3561 1129 3617 patet
1148 3569 1215 3604 ex
1237 3556 1355 3603 Tac.
1396 3555 1491 3603 nisi
1527 3571 1642 3619 pro-

578 3631 857 3678 consularis
915 3629 1049 3679 illius
1104 3637 1337 3692 potestas
1396 3633 1644 3682 extende-

580 3710 725 3752 retur
745 3705 883 3754 ultra
903 3703 1032 3753 fines
1056 3707 1323 3771 utriusque
1348 3708 1642 3758 Germanias

578 3778 869 3829 Provinciae
918 3782 1056 3830 sum?
1122 3783 1223 3831 Dio
1262 3783 1296 3830 Ι.
1340 3795 1453 3832 ινι.
1484 3785 1548 3834 Α.
1572 3784 1642 3836 U.

577 3859 693 3906 ⁷64.
750 3853 765 3880 ‘
791 3855 1029 3902 Tiberius
1075 3861 1129 3903 et
1171 3857 1511 3906 Germanicus
1557 3862 1640 3908 cui

578 3931 943 3995 proconsulare
966 3928 1235 3991 imperium
1268 3941 1399 3993 erat,
1422 3934 1473 3980 in
1510 3933 1641 3982 Ger·

580 4005 803 4056 maniam
826 4006 1125 4068 irruperunt
1140 4005 1175 4064 ς’
1204 4013 1261 4054 et
1285 4007 1513 4070 quamvis
1536 4009 1642 4059 Dio

578 4095 680 4134 non
718 4083 967 4146 explicet,
1004 4081 1324 4130 verisimilius
1362 4090 1443 4133 est
1482 4083 1642 4137 fuisse

580 4159 1047 4210 extraordinarium
1070 4157 1199 4207 illud
1222 4159 1514 4224 imperium.

1783 677 1888 726 Sed
1906 682 2052 740 puto,
2073 676 2198 726 illud
2219 675 2487 740 imperium
2505 690 2794 740 proconsu-

1720 752 1830 800 lare
1855 753 2151 802 Germanici
2172 754 2315 802 velut
2352 751 2674 815 abrogatum,
2696 753 2790 802 de-

1720 828 1862 878 siisse
1903 836 2068 878 morte
2109 829 2436 892 imperatoris
2458 826 2702 892 Augusti,
2727 835 2792 878 et

1721 904 1955 953 innovari
1999 905 2241 956 debuisse
2279 919 2413 954 novo
2451 905 2672 968 imperio
2695 905 2790 954 ‘ri-

1723 979 1874 1040 berii,
1898 994 2076 1029 recens
2098 981 2448 1043 principatum
2482 980 2662 1043 adepti
2701 981 2793 1030 Li-

1721 1056 1824 1105 viae
1849 1056 2095 1120 Augustas
2132 1057 2346 1116 artibus,
2383 1055 2522 1105 forte
2549 1057 2708 1104 etiam
2731 1061 2794 1105 et

1723 1131 1994 1181 veneficio.

1788 1208 1928 1257 Illud
1973 1208 2146 1272 itaque
2185 1207 2397 1256 innovat
2433 1205 2690 1268 Tiberius,
2728 1211 2794 1256 ut

1722 1297 1836 1331 eum
1861 1283 1935 1332 sic
1953 1283 2296 1342 demereatur,
2325 1287 2414 1331 aut
2434 1281 2692 1330 demereri
2723 1281 2794 1329 si-

1722 1360 1884 1408 mulet
1927 1359 1993 1408 ad
2030 1368 2252 1422 tempus,
2275 1358 2438 1406 donec
2463 1371 2580 1406 eum
2613 1372 2646 1406 a
2681 1356 2792 1406 suis

1723 1435 2010 1500 legionibus
2032 1435 2364 1486 abstraxerit.

1789 1513 1859 1561 Et
1882 1519 2024 1561 certe
2049 1512 2184 1560 inter
2205 1523 2398 1560 sumnia
2421 1522 2608 1558 arcana
2627 1506 2790 1556 Tibe·

1723 1587 1880 1637 rianae
1903 1585 2264 1636 dominationis
2283 1584 2402 1646 fuit,
2427 1590 2480 1632 ut
2506 1581 2677 1632 omnia
2699 1581 2794 1632 be·

1723 1662 1907 1712 neficia
1931 1676 2028 1725 per
2048 1660 2244 1724 priores
2263 1659 2522 1723 principes
2537 1671 2792 1708 concessa

1723 1740 1870 1790 irrita
1884 1737 2184 1800 forent,nisi
2203 1738 2314 1800 ipse
2336 1734 2691 1786 confirmasset
2712 1742 2790 1783 at-

1725 1830 1824 1880 que
1843 1817 2158 1875 innovasset,
2183 1820 2320 1862 teste
2343 1813 2555 1861 Sueton.
2574 1811 2628 1859 in
2645 1809 2789 1859 Tito.

1724 1891 1789 1940 Id
1833 1906 1864 1938 a
1908 1891 2099 1939 Senatu
2145 1889 2334 1952 petivit
2365 1887 2628 1946 Tiberius,
2667 1887 2792 1951 quis

1724 1973 1835 2016 tum
1858 1973 1999 2015 metu
2037 1965 2234 2026 anxius,
2269 1964 2439 2014 omnia
2473 1977 2570 2026 per
2596 1962 2789 2012 Patres

1723 2057 1878 2106 agere
1918 2041 2082 2090 videri
2117 2041 2352 2089 volebat:
2387 2038 2440 2088 id
2477 2053 2602 2102 ergo
2625 2037 2791 2102 legati

1722 2118 1966 2168 deferunt
1986 2132 2076 2166 seu
2099 2115 2404 2165 annuntiant
2425 2114 2757 2164 Germanico.

1741 2185 1752 2194 ”
1786 2194 1972 2257 Itaque
1996 2194 2292 2240 innovatum
2311 2190 2675 2254 proconsulare
2693 2189 2790 2258 im·

1723 2269 1922 2332 perium
1945 2269 1998 2317 in
2021 2267 2149 2331 ipsis
2167 2265 2456 2316 Caesaribus
2479 2272 2536 2315 et
2554 2264 2676 2315 filiis
2697 2263 2793 2314 do·

1723 2343 2050 2404 minantium,
2086 2356 2246 2406 usque
2275 2342 2341 2391 ad
2379 2343 2658 2404 Neronem,
2697 2343 2794 2405 qui

1724 2425 2034 2482 perpetuum
2055 2417 2476 2480 proconsulatum
2497 2417 2678 2467 habuit
2699 2431 2790 2466 ex-

1723 2501 1806 2542 tra
1829 2491 2026 2542 urbem.
2793 2537 2803 2550 .

1788 2567 1982 2618 Postea
1994 2569 2107 2631 jam
2130 2568 2362 2619 innovari
2386 2570 2492 2619 tale
2514 2559 2800 2633 imperium

1720 2645 1856 2695 haud
1889 2661 2020 2709 opus
2059 2644 2157 2695 fiait
2199 2647 2250 2695 iu
2283 2646 2408 2710 ipsis
2445 2646 2563 2695 filiis
2597 2635 2792 2709 princi-

1725 2735 1869 2783 pum,
1893 2727 1953 2769 ut
1970 2721 2057 2785 qui
2080 2735 2192 2770 eam
2211 2727 2523 2784 potestatem
2546 2723 2656 2786 jam
2677 2719 2794 2770 adi-

1724 2795 2051 2858 piscerentur
2072 2804 2374 2859 perpetuam
2397 2805 2454 2848 et
2475 2796 2788 2848 immitam

1725 2873 1838 2922 loco
1862 2879 1954 2922 aut
1977 2881 2226 2937 tempore.

1788 2949 1940 2999 Quod
1967 2949 2126 2998 tradit
2150 2949 2473 3012 Capitolinus
2498 2951 2564 3000 de
2583 2949 2662 3000 M.
2679 2948 2792 3000 Au-

1723 3023 1851 3072 relio
1889 3025 2024 3075 Caes.
2065 3040 2182 3090 cap.
2207 3029 2288 3075 16.
2311 3027 2326 3054 ⁴
2351 3025 2662 3075 Tribunicio,
2697 3040 2790 3090 po·

1725 3104 1915 3148 testate
1957 3100 2175 3150 donatus
2217 3108 2316 3164 est,
2359 3107 2518 3166 atque
2569 3103 2790 3166 imperio

1722 3182 1876 3224 extra
1897 3177 2076 3225 urbem
2102 3179 2482 3239 proconsulari!

1789 3251 1904 3300 Nec
1927 3251 2122 3301 frustra
2145 3255 2288 3304 addit
2313 3265 2499 3304 auctor
2521 3257 2626 3318 ille,
2647 3262 2790 3306 atra

1721 3324 1901 3388 urbem,
1923 3332 1982 3375 ut
2006 3327 2112 3376 vult
2132 3328 2411 3378 Salmasius
2432 3331 2528 3380 hoc
2551 3332 2666 3382 loco
2687 3332 2808 3384 hia.

1724 3401 1871 3450 torioe
1907 3403 2183 3466 Augustas:
2218 3405 2289 3454 illi
2328 3405 2526 3456 frustra
2551 3407 2786 3458 additum

1722 3479 1818 3526 hoc
1859 3481 2078 3543 videtur,
2114 3481 2233 3544 quia
2277 3483 2469 3532 nullum
2515 3483 2789 3546 imperium

1724 3557 2090 3619 proconsulare
2131 3557 2269 3606 intra
2305 3557 2506 3620 urbem,
2549 3566 2604 3608 et
2665 3560 2791 3624 quin

1722 3638 1892 3682 cessat
1913 3633 2074 3682 omnis
2095 3640 2328 3697 potestas
2345 3635 2682 3698 proconsulis,
2698 3633 2803 3700 qui.

1723 3707 1903 3756 urbem
1929 3708 2218 3758 intraverit.

1789 3782 2036 3833 Attamen
2061 3798 2159 3832 uon
2181 3782 2379 3834 frustra
2393 3784 2446 3833 id
2471 3783 2620 3835 addit
2635 3785 2802 3850 Capi-¹

1725 3856 1931 3917 tolinus,
1951 3864 2008 3908 ut
2031 3873 2202 3923 neque
2219 3858 2434 3910 Tacitus
2451 3860 2550 3909 hoc
2571 3861 2705 3922 loco,
2718 3859 2786 3910 de

1727 3933 1952 3983 Nerone.
2020 3935 2156 3984 Nam
2199 3935 2276 3986 sic
2320 3937 2658 4000 distinguitur
2699 3938 2802 3990 ille.

1725 4011 2115 4070 proconsulatus
2161 4011 2236 4059 M.
2261 4009 2454 4061 Aurelii
2477 4013 2648 4062 adhuc
2673 4014 2788 4064 Ca-

1723 4083 1871 4145 saris,
1889 4097 1917 4130 a
1942 4087 2309 4148 proconsulatu
2331 4089 2494 4151 ipsius
2521 4090 2788 4154 principis,

1724 4161 1813 4226 qui
1835 4161 2302 4214 extraordinarium
2341 4163 2470 4214 illud
2507 4165 2806 4238 imperium.
